{"url": "https://www.fressnapf.de/p/perfect-fit-natural-vitality-6x6x50g-huhn-und-truthahn-1353572/", "product_name": "PERFECT FIT Natural Vitality 6x6x50g Huhn und Truthahn", "brand": "PERFECT FIT Nassfutter", "regular_price": 14.94, "selling_price": 14.89, "price_per_unit": 8.27, "breadcrumbs": "Katze > Katzenfutter > Nassfutter", "description": "95% Proteine aus tierischer Herkunft für eine gesunde Verdauung Nassfutter"}
{"url": "https://www.fressnapf.de/p/perfect-fit-adult-1-reich-an-huhn-7-kg-1246372001/", "product_name": "PERFECT FIT Adult 1+ Reich an Huhn 7 kg", "brand": "PERFECT FIT Trockenfutter", "regular_price": 13.49, "selling_price": 4.39, "price_per_unit": 4.28, "breadcrumbs": "Katze > Katzenfutter > Trockenfutter", "description": "Ganzheitliche & ausgewogene Ernährung, um die Beweglichkeit zu erhalten Hergestellt mit hochwertigen Zutaten Total-5-Formel bietet fünffachen Rundumschutz für ein gesundes Leben"}
{"url": "https://www.fressnapf.de/p/perfect-fit-indoor-1-huhn-5x14-kg-1256001/", "product_name": "PERFECT FIT Indoor 1+ Huhn 5x1,4 kg", "brand": "PERFECT FIT Trockenfutter", "regular_price": 32.99, "selling_price": 23.99, "price_per_unit": 4.07, "breadcrumbs": "Katze > Katzenfutter > Trockenfutter", "description": "Hilft, den Verdauungstrakt sanft und effizient zu passieren und so die Bildung von Haarballen kontrollieren Unterstützt die ganzheitliche Gesundheit des Körpers Total-5-Formel bietet fünffachen Rundumschutz"}
{"url": "https://www.fressnapf.de/p/multifit-naturelle-huehnerbrust-junior-50-g-1080090003/", "product_name": "MultiFit naturelle Hühnerbrust Junior 50 g", "brand": "MultiFit Snacks", "regular_price": 0.0, "selling_price": 1.75, "price_per_unit": 0.0, "breadcrumbs": "Katze > Katzenfutter > Snacks", "description": "nur < 2,5% Fett saftig leckerer Snack gut verträglich"}
{"url": "https://www.fressnapf.de/p/animonda-carny-adult-mixpaket-12x400g-fleisch-menue-1-1183890/", "product_name": "animonda CARNY Adult Mixpaket 12x400g Fleisch-Menü 1", "brand": "animonda Nassfutter", "regular_price": 26.28, "selling_price": 13.85, "price_per_unit": 2.89, "breadcrumbs": "Katze > Katzenfutter > Nassfutter", "description": "100% frische fleischliche Zutaten Sichtbare, fleischliche Stücke Unverfälschter Genuss"}
{"url": "https://www.fressnapf.de/p/fitfun-ragout-multipack-xxl-44x100g-geschmacksvielfalt-vom-land-1002793001/", "product_name": "FIT+FUN Ragout Multipack XXL 44x100g Geschmacksvielfalt vom Land", "brand": "FIT+FUN Nassfutter", "regular_price": 0.0, "selling_price": 10.49, "price_per_unit": 0.0, "breadcrumbs": "Katze > Katzenfutter > Nassfutter", "description": "Ohne Zusatz von Farbstoffen und Konservierungsmitteln Leckere Stückchen in Soße Im praktischen Portionsbeutel"}
{"url": "https://www.fressnapf.de/p/fitfun-jelly-multipack-xxl-44x100g-4-verschiedene-sorten-1002793002/", "product_name": "FIT+FUN Jelly Multipack XXL 44x100g 4 verschiedene Sorten", "brand": "FIT+FUN Nassfutter", "regular_price": 0.0, "selling_price": 10.49, "price_per_unit": 0.0, "breadcrumbs": "Katze > Katzenfutter > Nassfutter", "description": "Ohne Zusatz von Zucker, Farbstoffen und Konservierungsmitteln Leckere Stückchen in Jelly Im praktischen Portionsbeutel"}
{"url": "https://www.fressnapf.de/p/premiere-soft-bites-huhn--katzengras-40-g-1227505002/", "product_name": "PREMIERE Soft Bites Huhn & Katzengras 40 g", "brand": "PREMIERE Snacks", "regular_price": 0.0, "selling_price": 1.59, "price_per_unit": 0.0, "breadcrumbs": "Katze > Katzenfutter > Snacks", "description": "extra fleischig gefüllte Softhappen ohne Zuckerzusatz"}
{"url": "https://www.fressnapf.de/p/fitfun-sticks-xxl-multipack-250g-1173306001/", "product_name": "FIT+FUN Sticks XXL-Multipack 250g", "brand": "FIT+FUN Snacks", "regular_price": 0.0, "selling_price": 4.39, "price_per_unit": 0.0, "breadcrumbs": "Katze > Katzenfutter > Snacks", "description": "ohne Zusatz von Farbstoffen und Zucker enthält insgesamt 5x10 Sticks 4 leckere Sorten im Multipack"}
{"url": "https://www.fressnapf.de/p/animonda-vom-feinsten-adult-mixpaket-32x100g-gefluegel-kreationen-1184222/", "product_name": "animonda vom Feinsten Adult Mixpaket 32x100g Geflügel-Kreationen", "brand": "animonda Nassfutter", "regular_price": 28.48, "selling_price": 20.99, "price_per_unit": 6.56, "breadcrumbs": "Katze > Katzenfutter > Nassfutter", "description": "fein-stückige Pasteten mit ausgewählten, fleischlichen Zutaten mit natürlichem Taurin"}
{"url": "https://www.fressnapf.de/p/gourmet-gold-raffiniertes-ragout-12x85g-huhn-1298579/", "product_name": "GOURMET Gold Raffiniertes Ragout 12x85g Huhn", "brand": "GOURMET Nassfutter", "regular_price": 7.8, "selling_price": 7.69, "price_per_unit": 7.54, "breadcrumbs": "Katze > Katzenfutter > Nassfutter", "description": "Qualitativ hochwertige Zutaten Fein geschnetzelte Stückchen Ohne Zusatz künstlicher Farbstoffe, Konservierungsstoffe und Aromen"}
{"url": "https://www.fressnapf.de/p/animonda-milkies-20x15g-variety-1289578/", "product_name": "animonda Milkies 20x15g Variety", "brand": "animonda Snacks", "regular_price": 7.65, "selling_price": 6.49, "price_per_unit": 21.63, "breadcrumbs": "Katze > Katzenfutter > Snacks", "description": "besonderer Milch-Snack perfekt portioniert in kleinen Frische-Cups leicht verdaulich"}
{"url": "https://www.fressnapf.de/p/animonda-carny-adult-6x400g-pute--lamm-1323594/", "product_name": "animonda CARNY Adult 6x400g Pute & Lamm", "brand": "animonda Nassfutter", "regular_price": 14.1, "selling_price": 8.07, "price_per_unit": 3.36, "breadcrumbs": "Katze > Katzenfutter > Nassfutter", "description": "100% frische fleischliche Zutaten Sichtbare, fleischliche Stücke Unverfälschter Genuss"}
{"url": "https://www.fressnapf.de/p/felix-soup-suppe-6x48g-rind-huhn-lamm-1299192/", "product_name": "Felix Soup Suppe 6x48g Rind, Huhn, Lamm", "brand": "Felix Nassfutter", "regular_price": 2.39, "selling_price": 2.29, "price_per_unit": 7.95, "breadcrumbs": "Katze > Katzenfutter > Nassfutter", "description": "Stückchen in köstlicher Brühe Hergestellt mit hochwertigen Zutaten Ohne zugesetzte künstliche Farb-, Aroma- und Konservierungsstoffe"}
{"url": "https://www.fressnapf.de/p/gourmet-gold-feine-komposition-12x85g-rind--huhn-1101317/", "product_name": "GOURMET Gold Feine Komposition 12x85g Rind & Huhn", "brand": "GOURMET Nassfutter", "regular_price": 7.8, "selling_price": 6.99, "price_per_unit": 6.85, "breadcrumbs": "Katze > Katzenfutter > Nassfutter", "description": "Exquisite Kombination für doppelten Genuss Mit ausgewählten Zutaten Ohne Zusatz künstlicher Farbstoffe, Konservierungsstoffe und Aromen"}
{"url": "https://www.fressnapf.de/p/gourmet-gold-dlicatesse-en-sauce-12x85g-1100990/", "product_name": "GOURMET Gold Délicatesse en Sauce 12x85g", "brand": "GOURMET Nassfutter", "regular_price": 7.8, "selling_price": 7.19, "price_per_unit": 7.05, "breadcrumbs": "Katze > Katzenfutter > Nassfutter", "description": "Erlesene Stückchen& in einer saftigen und raffinierten Sauce Schonend gegart Ohne Zusatz künstlicher Farbstoffe, Konservierungsstoffe und Aromen"}
{"url": "https://www.fressnapf.de/p/kittys-cuisine-crunchy-snack-with-love-50g-lamm-liebe-mit-lamm-und-kokos-1256452001/", "product_name": "Kitty's Cuisine Crunchy Snack with Love 50g Lamm Liebe, mit Lamm und Kokos", "brand": "Kitty's Cuisine Snacks", "regular_price": 0.0, "selling_price": 1.89, "price_per_unit": 0.0, "breadcrumbs": "Katze > Katzenfutter > Snacks", "description": "hartgebackenes Miniknöchli, mit Poulet ohne Weizen"}
{"url": "https://www.fressnapf.de/p/gourmet-gold-feine-pastete-12x85g-rind-1391450/", "product_name": "GOURMET Gold Feine Pastete 12x85g Rind", "brand": "GOURMET Nassfutter", "regular_price": 7.8, "selling_price": 7.69, "price_per_unit": 7.54, "breadcrumbs": "Katze > Katzenfutter > Nassfutter", "description": "Für anspruchsvolle Samtpfoten Feine Rezeptur mit zartem Schmelz Ohne Zusatz künstlicher Farbstoffe, Konservierungsstoffe und Aromen"}
{"url": "https://www.fressnapf.de/p/felix-so-gut-wie-es-aussieht-24x85g-geschmacksvielfalt-aus-dem-wasser-1320996/", "product_name": "Felix So gut wie es aussieht 24x85g Geschmacksvielfalt aus dem Wasser", "brand": "Felix Nassfutter", "regular_price": 0.0, "selling_price": 10.29, "price_per_unit": 0.0, "breadcrumbs": "Katze > Katzenfutter > Nassfutter", "description": "Leckere Auswahl unwiderstehlicher Mahlzeiten 100% komplett & ausgewogen Ausgewogene Mineralstoffe"}
{"url": "https://www.fressnapf.de/p/premiere-meat-menu-adult-mixpaket-6x400g-mixpaket-1-1286622/", "product_name": "PREMIERE Meat Menu Adult Mixpaket 6x400g Mixpaket 1", "brand": "PREMIERE Nassfutter", "regular_price": 0.0, "selling_price": 8.94, "price_per_unit": 0.0, "breadcrumbs": "Katze > Katzenfutter > Nassfutter", "description": "100% Frischfleisch im Fleischanteil Getreidefreie Rezeptur Ohne Zusatz von Soja, Zucker und künstlichen Aromastoffen"}
{"url": "https://www.fressnapf.de/p/miamor-ragout-royale-in-sauce-multimix-12x100g-1002694002/", "product_name": "Miamor Ragout Royale in Sauce Multimix 12x100g", "brand": "Miamor Nassfutter", "regular_price": 0.0, "selling_price": 5.99, "price_per_unit": 0.0, "breadcrumbs": "Katze > Katzenfutter > Nassfutter", "description": "ohne Farb- und Konservierungsstoffe im Vitamin-Schonverfahren hergestellt mit saftigen Fleischstückchen"}
{"url": "https://www.fressnapf.de/p/felix-sensations-saucen-24x85g-1321002/", "product_name": "Felix Sensations Saucen 24x85g", "brand": "Felix Nassfutter", "regular_price": 0.0, "selling_price": 10.29, "price_per_unit": 0.0, "breadcrumbs": "Katze > Katzenfutter > Nassfutter", "description": "100% ausgewogen und unwiderstehlich Mit den Vitaminen D und E Mit Omega-6-Fettsäuren"}
{"url": "https://www.fressnapf.de/p/felix-doppelt-lecker-24x85g-geschmacksvielfalt-vom-land-1320999/", "product_name": "Felix Doppelt Lecker 24x85g Geschmacksvielfalt vom Land", "brand": "Felix Nassfutter", "regular_price": 0.0, "selling_price": 10.29, "price_per_unit": 0.0, "breadcrumbs": "Katze > Katzenfutter > Nassfutter", "description": "Leckere Auswahl unwiderstehlicher Mahlzeiten Doppelter Genuss mit zarten Stückchen Ausgewogene Mineralstoffe"}
{"url": "https://www.fressnapf.de/p/fitfun-finest-mix-5kg-huhn--truthahn-1001095001/", "product_name": "FIT+FUN Finest-Mix 5kg Huhn & Truthahn", "brand": "FIT+FUN Trockenfutter", "regular_price": 0.0, "selling_price": 5.49, "price_per_unit": 0.0, "breadcrumbs": "Katze > Katzenfutter > Trockenfutter", "description": "Mit schmackhaftem Fleisch und Gemüse Ohne Zusatz von Konservierungsstoffen Ohne Zuckerzusatz"}
{"url": "https://www.fressnapf.de/p/animonda-carny-adult-pute--lamm-6x200-g-1323591/", "product_name": "animonda CARNY Adult Pute & Lamm 6x200 g", "brand": "animonda Nassfutter", "regular_price": 9.3, "selling_price": 4.5, "price_per_unit": 3.75, "breadcrumbs": "Katze > Katzenfutter > Nassfutter", "description": "100% frische fleischliche Zutaten Sichtbare, fleischliche Stücke Unverfälschter Genuss"}
{"url": "https://www.fressnapf.de/p/mjamjam-6-x-400-g-mixpaket-2-1297579/", "product_name": "MjAMjAM 6 x 400 g Mixpaket 2", "brand": "MjAMjAM Nassfutter", "regular_price": 18.29, "selling_price": 15.49, "price_per_unit": 6.45, "breadcrumbs": "Katze > Katzenfutter > Nassfutter", "description": "Extra hoher Fleischanteil Getreidefrei und naturbelassen Ohne Zusatz von Soja, Zucker und künstlichen Aroma- und Lockstoffen"}
{"url": "https://www.fressnapf.de/p/premiere-cats-love-nature-deluxe-ragout-mix-12x100g-1238786001/", "product_name": "PREMIERE cats love nature Deluxe Ragout Mix 12x100g", "brand": "PREMIERE Nassfutter", "regular_price": 0.0, "selling_price": 5.99, "price_per_unit": 0.0, "breadcrumbs": "Katze > Katzenfutter > Nassfutter", "description": "Taurin kann zur Stärkung der Sehkraft beitragen und den Herzmuskel unterstützen ohne Zusatz von Zucker, künstlichen Farb- & Aromastoffen und Konservierungsmitteln Multipack besteht aus verschiedenen Fleisch und Fisch Sorten"}
{"url": "https://www.fressnapf.de/p/animonda-carny-adult-6x200g-mixpaket-1323521/", "product_name": "animonda CARNY Adult 6x200g Mixpaket", "brand": "animonda Nassfutter", "regular_price": 8.7, "selling_price": 4.67, "price_per_unit": 3.89, "breadcrumbs": "Katze > Katzenfutter > Nassfutter", "description": "100% frische fleischliche Zutaten Sichtbare, fleischliche Stücke Unverfälschter Genuss"}
{"url": "https://www.fressnapf.de/p/premiere-meat-menu-adult-huhn-mit-pute--kaninchen-6x400-g-1335009/", "product_name": "PREMIERE Meat Menu Adult Huhn mit Pute & Kaninchen 6x400 g", "brand": "PREMIERE Nassfutter", "regular_price": 0.0, "selling_price": 10.14, "price_per_unit": 0.0, "breadcrumbs": "Katze > Katzenfutter > Nassfutter", "description": "Getreidefreie Rezeptur 100% Frischfleisch im Fleischanteil Ohne Zusatz von Soja, Zucker und künstlichen Aromastoffen"}
{"url": "https://www.fressnapf.de/p/mjamjam-6-x-200-g-mixpaket-1-1297575/", "product_name": "MjAMjAM 6 x 200 g Mixpaket 1", "brand": "MjAMjAM Nassfutter", "regular_price": 11.54, "selling_price": 11.19, "price_per_unit": 9.33, "breadcrumbs": "Katze > Katzenfutter > Nassfutter", "description": "Extra hoher Fleischanteil Getreidefrei und naturbelassen Ohne Zusatz von Soja, Zucker und künstlichen Aroma- und Lockstoffen"}
{"url": "https://www.fressnapf.de/p/fitfun-katzenmilch-27x200ml-1099076/", "product_name": "FIT+FUN Katzenmilch 27x200ml", "brand": "FIT+FUN Katzenmilch & Getränke", "regular_price": 0.0, "selling_price": 12.15, "price_per_unit": 0.0, "breadcrumbs": "Katze > Katzenfutter > Katzenmilch & Getränke", "description": "laktosefrei Ergänzungsfuttermittel für Katzen leicht bekömmlich"}
{"url": "https://www.fressnapf.de/p/moments-crispy-snack-gefluegel-25-g-1297162/", "product_name": "MOMENTS Crispy Snack Geflügel 25 g", "brand": "MOMENTS Snacks", "regular_price": 0.0, "selling_price": 3.69, "price_per_unit": 0.0, "breadcrumbs": "Katze > Katzenfutter > Snacks", "description": "Mini-Snack für Katzen Reines Naturprodukt Ohne Zuckerzusatz"}
{"url": "https://www.fressnapf.de/p/premiere-finest-jelly-adult-multipack-12x85g-1002795002/", "product_name": "PREMIERE Finest Jelly Adult Multipack 12x85g", "brand": "PREMIERE Nassfutter", "regular_price": 0.0, "selling_price": 6.29, "price_per_unit": 0.0, "breadcrumbs": "Katze > Katzenfutter > Nassfutter", "description": "Ohne Zusatz von Soja, Zucker und künstlichen Farbstoffen Mit wertvollem Taurin Getreidefreie Rezeptur"}
{"url": "https://www.fressnapf.de/p/felix-sensations-gelees-24x85g-geschmacksvielfalt-aus-dem-wasser-1321000/", "product_name": "Felix Sensations Gelees 24x85g Geschmacksvielfalt aus dem Wasser", "brand": "Felix Nassfutter", "regular_price": 0.0, "selling_price": 10.29, "price_per_unit": 0.0, "breadcrumbs": "Katze > Katzenfutter > Nassfutter", "description": "100% ausgewogen und unwiderstehlich Mit den Vitaminen D und E Mit Omega-6-Fettsäuren"}
{"url": "https://www.fressnapf.de/p/fitfun-ragout-rind-12x415-g-1295605/", "product_name": "FIT+FUN Ragout Rind 12x415 g", "brand": "FIT+FUN Nassfutter", "regular_price": 0.0, "selling_price": 7.8, "price_per_unit": 0.0, "breadcrumbs": "Katze > Katzenfutter > Nassfutter", "description": "optimal auf ausgewachsene Katzen abgestimmt leckere Stückchen in Sauce mit Vitaminen und Taurin"}
{"url": "https://www.fressnapf.de/p/premiere-meat-menu-kitten-rind--gefluegelkomposition-6x400-g-1246725/", "product_name": "PREMIERE Meat Menu Kitten Rind & Geflügelkomposition 6x400 g", "brand": "PREMIERE Nassfutter", "regular_price": 0.0, "selling_price": 10.14, "price_per_unit": 0.0, "breadcrumbs": "Katze > Katzenfutter > Nassfutter", "description": "100% Frischfleischanteil im Fleischanteil für eine natürliche Ernährung Getreidefreie Rezeptur für sensible Mägen Ohne Zusatz von Soja, Zucker und künstlichen Aromastoffen"}
{"url": "https://www.fressnapf.de/p/animonda-carny-senior-rind--huhn-mit-kaese-6x200-g-1101347/", "product_name": "animonda CARNY Senior Rind & Huhn mit Käse 6x200 g", "brand": "animonda Nassfutter", "regular_price": 9.3, "selling_price": 5.35, "price_per_unit": 4.46, "breadcrumbs": "Katze > Katzenfutter > Nassfutter", "description": "100% frische, fleischliche Zutaten Für ältere Katzen ab 7 Jahren Mit natürlichem Taurin"}
{"url": "https://www.fressnapf.de/p/royal-canin-instinctive-adult-in-sosse-12x85-g-1099135/", "product_name": "ROYAL CANIN Instinctive Adult in Soße 12x85 g", "brand": "ROYAL CANIN Nassfutter", "regular_price": 18.8, "selling_price": 15.49, "price_per_unit": 15.19, "breadcrumbs": "Katze > Katzenfutter > Nassfutter", "description": "Instinktive Präferenz der Katze Unterstützt die Harnwegsfunktion Unterstützt beim Erhalt des Idealgewichts"}
{"url": "https://www.fressnapf.de/p/multifit-mini-6x50g-tasty-sauce-1210414001/", "product_name": "MultiFit Mini 6x50g Tasty Sauce", "brand": "MultiFit Nassfutter", "regular_price": 0.0, "selling_price": 1.19, "price_per_unit": 0.0, "breadcrumbs": "Katze > Katzenfutter > Nassfutter", "description": "Kleine Portionen für eine ideale Zwischenmahlzeit Kleine Portionen garantieren stets frisches Futter Unwiderstehliche Menüs in praktischen Einzelportionen"}
{"url": "https://www.fressnapf.de/p/premiere-royal-ragout-rind-16x100-g-1100952/", "product_name": "PREMIERE Royal Ragout Rind 16x100 g", "brand": "PREMIERE Nassfutter", "regular_price": 0.0, "selling_price": 9.44, "price_per_unit": 0.0, "breadcrumbs": "Katze > Katzenfutter > Nassfutter", "description": "Hohe Akzeptanz Mit wertvollem Taurin verschiedene leckere Sorten"}
{"url": "https://www.fressnapf.de/p/real-nature-wilderness-adult-pure-chicken-300-g-1173937007/", "product_name": "REAL NATURE WILDERNESS Adult Pure Chicken 300 g", "brand": "REAL NATURE Trockenfutter", "regular_price": 0.0, "selling_price": 4.99, "price_per_unit": 0.0, "breadcrumbs": "Katze > Katzenfutter > Trockenfutter", "description": "aus 70% hochwertigem Huhn , 30% Obst und Gemüse getreidefreie Rezeptur 100% natürlich - in den eingesetzten Rohstoffen"}
{"url": "https://www.fressnapf.de/p/whiskas-katzenmilch-6x200ml-1100207/", "product_name": "Whiskas Katzenmilch 6x200ml", "brand": "Whiskas Katzenmilch & Getränke", "regular_price": 0.0, "selling_price": 6.69, "price_per_unit": 0.0, "breadcrumbs": "Katze > Katzenfutter > Katzenmilch & Getränke", "description": "laktosereduziert mit Kalzium, Taurin und Vitaminen leicht bekömmlich"}
{"url": "https://www.fressnapf.de/p/real-nature-wilderness-true-country-adult-huhn-mit-fisch-300-g-1173937002/", "product_name": "REAL NATURE WILDERNESS True Country Adult Huhn mit Fisch 300 g", "brand": "REAL NATURE Trockenfutter", "regular_price": 0.0, "selling_price": 4.99, "price_per_unit": 0.0, "breadcrumbs": "Katze > Katzenfutter > Trockenfutter", "description": "aus 75% hochwertigem Huhn und Fisch, 25% Obst, Gemüse und Kräutern getreidefreie Rezeptur 100% natürlich - in den eingesetzten Rohstoffen"}
{"url": "https://www.fressnapf.de/p/royal-canin-hair--skin-in-sosse-12x85-g-1099143/", "product_name": "ROYAL CANIN Hair & Skin in Soße 12x85 g", "brand": "ROYAL CANIN Nassfutter", "regular_price": 21.9, "selling_price": 16.79, "price_per_unit": 16.46, "breadcrumbs": "Katze > Katzenfutter > Nassfutter", "description": "Hilft bei der Unterstützung einer gesunden Haut Hilft, ein glänzendes Fell zu unterstützen Nachweisbare Ergebnisse"}
{"url": "https://www.fressnapf.de/p/felix-so-gut-wie-es-aussieht-junior-12x85g-1320994/", "product_name": "Felix So gut wie es aussieht Junior 12x85g", "brand": "Felix Nassfutter", "regular_price": 0.0, "selling_price": 5.19, "price_per_unit": 0.0, "breadcrumbs": "Katze > Katzenfutter > Nassfutter", "description": "Geeignet für heranwachsende Kätzchen In den Sorten Rind, Huhn, Lachs und Sardine Ausgewogene Mineralstoffe"}
{"url": "https://www.fressnapf.de/p/animonda-carny-senior-6x400g-rind--huhn-mit-kaese-1294397/", "product_name": "animonda CARNY Senior 6x400g Rind & Huhn mit Käse", "brand": "animonda Nassfutter", "regular_price": 14.1, "selling_price": 8.07, "price_per_unit": 3.36, "breadcrumbs": "Katze > Katzenfutter > Nassfutter", "description": "100% frische fleischliche Zutaten Für ältere Katzen ab 7 Jahren Mit natürlichem Taurin"}
{"url": "https://www.fressnapf.de/p/sheba-multipack-sauce-collection-feine-vielfalt-12x85-g-1276725004/", "product_name": "Sheba Multipack Sauce Collection Feine Vielfalt 12x85 g", "brand": "Sheba Nassfutter", "regular_price": 0.0, "selling_price": 6.99, "price_per_unit": 0.0, "breadcrumbs": "Katze > Katzenfutter > Nassfutter", "description": "Katzennassfutter in herzhafter Sauce, hergestellt mit natürlichen und hochwertigen Zutaten Das hochwertige SHEBA® Katzennassfutter für ausgewachsene Katzen bietet deiner Samtpfote täglich eine komplette und ausgewogene Ernährung Eine köstliche Auswahl mit Kaninchen & Gemüse, mit Forelle & Gemüse, mit Pute, Huhn & Gemüse in herzhafter Sauce und mit Huhn in Kräutersauce"}
{"url": "https://www.fressnapf.de/p/mjamjam-6x200-g-huhn-an-moehrchen-1298067/", "product_name": "MjAMjAM 6x200 g Huhn an Möhrchen", "brand": "MjAMjAM Nassfutter", "regular_price": 10.14, "selling_price": 8.19, "price_per_unit": 6.83, "breadcrumbs": "Katze > Katzenfutter > Nassfutter", "description": "Ganz ohne Getreide oder Gluten Ohne Zuckerzusatz Ganz ohne synthetische Konservierungsstoffe"}
{"url": "https://www.fressnapf.de/p/felix-sensations-extras-gelees-24x85g-1321003/", "product_name": "Felix Sensations Extras Gelees 24x85g", "brand": "Felix Nassfutter", "regular_price": 0.0, "selling_price": 10.29, "price_per_unit": 0.0, "breadcrumbs": "Katze > Katzenfutter > Nassfutter", "description": "100% ausgewogen und unwiderstehlich Mit den Vitaminen D und E Mit Omega-6-Fettsäuren"}
{"url": "https://www.fressnapf.de/p/royal-canin-care-light-weight-in-sosse-12x85-g-1099138/", "product_name": "ROYAL CANIN Care Light Weight in Soße 12x85 g", "brand": "ROYAL CANIN Nassfutter", "regular_price": 21.9, "selling_price": 16.79, "price_per_unit": 16.46, "breadcrumbs": "Katze > Katzenfutter > Nassfutter", "description": "Hilft, übermäßige Gewichtszunahme zu begrenzen Ein angepasster Proteingehalt hilft, die Muskelmasse zu erhalten Angereichert mit L-Carnitin zur Unterstützung eines gesunden Fettstoffwechsels"}
{"url": "https://www.fressnapf.de/p/mjamjam-6x400g-rind-an-kuerbis-mit-huehnerleber-1298066/", "product_name": "MjAMjAM 6x400g Rind an Kürbis mit Hühnerleber", "brand": "MjAMjAM Nassfutter", "regular_price": 16.14, "selling_price": 13.19, "price_per_unit": 5.5, "breadcrumbs": "Katze > Katzenfutter > Nassfutter", "description": "Extra hoher Fleischanteil Getreidefrei und naturbelassen Ohne Zusatz von Soja, Zucker und künstlichen Aroma- und Lockstoffen"}
{"url": "https://www.fressnapf.de/p/felix-inhome-sensations-huhn-1-kg-1072705001/", "product_name": "Felix Inhome Sensations Huhn 1 kg", "brand": "Felix Trockenfutter", "regular_price": 0.0, "selling_price": 3.79, "price_per_unit": 0.0, "breadcrumbs": "Katze > Katzenfutter > Trockenfutter", "description": "100% komplett & ausgewogen Enthält die Vitamine A, D & E Ohne künstliche Farb-, Aroma- & Konservierungsstoffe"}
{"url": "https://www.fressnapf.de/p/bogadent-dental-enzyme-chips-katze-50g-fisch--huhn-1231977/", "product_name": "Bogadent DENTAL ENZYME CHIPS Katze 50g Fisch & Huhn", "brand": "Bogadent Snacks", "regular_price": 0.0, "selling_price": 3.59, "price_per_unit": 0.0, "breadcrumbs": "Katze > Katzenfutter > Snacks", "description": "innovative XF3-Effect-Formula hemmt das Anhaften von Bakterien an der Zahnoberfläche beugt der Bildung von Plaque und Zahnstein vor"}
{"url": "https://www.fressnapf.de/p/select-gold-hair--skin-adult-6x400-g-1099803/", "product_name": "SELECT GOLD Hair & Skin Adult 6x400 g", "brand": "SELECT GOLD Nassfutter", "regular_price": 0.0, "selling_price": 11.94, "price_per_unit": 0.0, "breadcrumbs": "Katze > Katzenfutter > Nassfutter", "description": "trägt zu intakter Haut und schönem Fell bei Getreidefrei, ohne Zusatz von Zucker und Soja Ohne Verwendung von Konservierungsmitteln, Farb- und künstlichen Geschmacksstoffen"}
{"url": "https://www.fressnapf.de/p/premiere-deluxe-ragout-adult-reich-an-huhn-22x85-g-1100959/", "product_name": "PREMIERE Deluxe Ragout Adult Reich an Huhn 22x85 g", "brand": "PREMIERE Nassfutter", "regular_price": 0.0, "selling_price": 12.98, "price_per_unit": 0.0, "breadcrumbs": "Katze > Katzenfutter > Nassfutter", "description": "Ohne Zusatz von Soja, Zucker und künstlichen Farbstoffen Mit wertvollem Taurin Verschiedene Sorten"}
{"url": "https://www.fressnapf.de/p/animonda-carny-adult-12x200g-mixpaket-fleisch-menue-1-1274133/", "product_name": "animonda CARNY Adult 12x200g Mixpaket Fleisch-Menü 1", "brand": "animonda Nassfutter", "regular_price": 17.4, "selling_price": 10.19, "price_per_unit": 4.25, "breadcrumbs": "Katze > Katzenfutter > Nassfutter", "description": "100% frische fleischliche Zutaten Sichtbare, fleischliche Stücke Unverfälschter Genuss"}
{"url": "https://www.fressnapf.de/p/dreamies-mega-box-350g-huhn-1315726/", "product_name": "Dreamies Mega Box 350g Huhn", "brand": "Dreamies Snacks", "regular_price": 7.49, "selling_price": 5.94, "price_per_unit": 16.97, "breadcrumbs": "Katze > Katzenfutter > Snacks", "description": "100% natürlich Zahnreinigend Die richtige Kombination ausgewogener Mineralstoffe"}
{"url": "https://www.fressnapf.de/p/miamor-ragout-royale-in-jelly-multipack-12x100g-pute-lachs-kalb-1002694003/", "product_name": "Miamor Ragout Royale in Jelly Multipack 12x100g Pute, Lachs, Kalb", "brand": "Miamor Nassfutter", "regular_price": 0.0, "selling_price": 5.99, "price_per_unit": 0.0, "breadcrumbs": "Katze > Katzenfutter > Nassfutter", "description": "mit katzenzarten Jellystückchen im Vitamin-Schonverfahren hergestellt 12 Frischebeutel"}
{"url": "https://www.fressnapf.de/p/sheba-selection-in-sauce-12x85g-herzhafte-komposition-1259050/", "product_name": "Sheba Selection in Sauce 12x85g Herzhafte Komposition", "brand": "Sheba Nassfutter", "regular_price": 0.0, "selling_price": 6.79, "price_per_unit": 0.0, "breadcrumbs": "Katze > Katzenfutter > Nassfutter", "description": "schonend zubereitet für echte Feinschmecker ohne künstliche Zusätze"}
{"url": "https://www.fressnapf.de/p/premiere-meat-menu-mixpaket-kitten-6x100g-1245686011/", "product_name": "PREMIERE Meat Menu Mixpaket Kitten 6x100g", "brand": "PREMIERE Nassfutter", "regular_price": 0.0, "selling_price": 4.49, "price_per_unit": 0.0, "breadcrumbs": "Katze > Katzenfutter > Nassfutter", "description": "100% Frischfleisch im Fleischanteil Getreidefreie Rezeptur Ohne Zusatz von Soja, Zucker und künstlichen Aromastoffen"}
{"url": "https://www.fressnapf.de/p/premiere-meat-menu-adult-mixpaket-6x200g-1244496/", "product_name": "PREMIERE Meat Menu Adult Mixpaket 6x200g", "brand": "PREMIERE Nassfutter", "regular_price": 0.0, "selling_price": 5.94, "price_per_unit": 0.0, "breadcrumbs": "Katze > Katzenfutter > Nassfutter", "description": "100% Frischfleisch im Fleischanteil Getreidefreie Rezeptur Ohne Zusatz von Soja, Zucker und künstlichen Aromastoffen"}
{"url": "https://www.fressnapf.de/p/animonda-carny-adult-mixpaket-6x800g-mixpaket-1-1214307/", "product_name": "animonda CARNY Adult Mixpaket 6x800g Mixpaket 1", "brand": "animonda Nassfutter", "regular_price": 23.1, "selling_price": 12.32, "price_per_unit": 2.57, "breadcrumbs": "Katze > Katzenfutter > Nassfutter", "description": "100% frische fleischliche Zutaten Sichtbare, fleischliche Stücke Unverfälschter Genuss"}
{"url": "https://www.fressnapf.de/p/royal-canin-kitten-in-sosse-12x85-g-1099155/", "product_name": "ROYAL CANIN Kitten in Soße 12x85 g", "brand": "ROYAL CANIN Nassfutter", "regular_price": 21.6, "selling_price": 14.57, "price_per_unit": 14.28, "breadcrumbs": "Katze > Katzenfutter > Nassfutter", "description": "Instinktive Präferenz Einfaches Kauen Unterstützt die natürlichen Abwehrkräfte"}
{"url": "https://www.fressnapf.de/p/select-gold-kitten-huhn-6x400-g-1099804/", "product_name": "SELECT GOLD Kitten Huhn 6x400 g", "brand": "SELECT GOLD Nassfutter", "regular_price": 0.0, "selling_price": 11.94, "price_per_unit": 0.0, "breadcrumbs": "Katze > Katzenfutter > Nassfutter", "description": "Prebiotisch wirkende Fructo-Oligosaccharide fördern den Aufbau und Erhalt einer stabilen Darmflora Natürliche Omega-3- und Omega-6-Fettsäuren aus Lachs- und Distelöl sowie Biotin können zu intakter Haut und schönem Fell beitragen Enthält Vitamin E, Selen und optimiert durch Vitamin C die körpereigenen Abwehrkräfte"}
{"url": "https://www.fressnapf.de/p/real-nature-wilderness-adult-fresh-water-fisch-300-g-1173937003/", "product_name": "REAL NATURE WILDERNESS Adult Fresh Water Fisch 300 g", "brand": "REAL NATURE Trockenfutter", "regular_price": 0.0, "selling_price": 4.99, "price_per_unit": 0.0, "breadcrumbs": "Katze > Katzenfutter > Trockenfutter", "description": "mit 70% Fisch, 30% Obst, Gemüse und Kräutern getreidefreie Rezeptur frei von Konservierungs-, Aroma- und Farbstoffen"}
{"url": "https://www.fressnapf.de/p/sheba-selection-in-sauce-40x85g-1276706002/", "product_name": "Sheba Selection in Sauce 40x85g", "brand": "Sheba Nassfutter", "regular_price": 27.99, "selling_price": 24.99, "price_per_unit": 7.35, "breadcrumbs": "Katze > Katzenfutter > Nassfutter", "description": "ohne künstliche Farb-, Aroma- und Konservierungsstoffe zarte Stückchen in köstlicher Sauce schonend zubereitet mit ausgewählten Zutaten"}
{"url": "https://www.fressnapf.de/p/real-nature-wilderness-black-earth-adult-rind-bueffel--huhn-300-g-1173937008/", "product_name": "REAL NATURE WILDERNESS Black Earth Adult Rind, Büffel & Huhn 300 g", "brand": "REAL NATURE Trockenfutter", "regular_price": 0.0, "selling_price": 4.99, "price_per_unit": 0.0, "breadcrumbs": "Katze > Katzenfutter > Trockenfutter", "description": "Aus 70% hochwertigem Rind, Büffel & Huhn, 30% Obst und Gemüse Getreidefreie Rezeptur 100% natürlich - in den eingesetzten Rohstoffen"}
{"url": "https://www.fressnapf.de/p/premiere-adult-gefluegel-300-g-1002957002/", "product_name": "PREMIERE Adult Geflügel 300 g", "brand": "PREMIERE Trockenfutter", "regular_price": 0.0, "selling_price": 2.99, "price_per_unit": 0.0, "breadcrumbs": "Katze > Katzenfutter > Trockenfutter", "description": "Extra hoher Fleisch/-Fischanteil Optimal abgestimmt auf die Ernährung ausgewachsener Katzen Ohne Zusatz von Soja, Zucker und künstlichen Farbstoffen"}
{"url": "https://www.fressnapf.de/p/gourmet-perle-erlesene-streifen-26x85g-truthahn-1099609/", "product_name": "GOURMET Perle Erlesene Streifen 26x85g Truthahn", "brand": "GOURMET Nassfutter", "regular_price": 16.9, "selling_price": 14.99, "price_per_unit": 6.78, "breadcrumbs": "Katze > Katzenfutter > Nassfutter", "description": "Auch für anspruchsvolle Katzen In delikater Sauce Im praktischen Portionsbeutel"}
{"url": "https://www.fressnapf.de/p/animonda-carny-adult-mixpaket-6x400g-1323522/", "product_name": "animonda CARNY Adult Mixpaket 6x400g", "brand": "animonda Nassfutter", "regular_price": 13.14, "selling_price": 8.07, "price_per_unit": 3.36, "breadcrumbs": "Katze > Katzenfutter > Nassfutter", "description": "100% frische fleischliche Zutaten Sichtbare, fleischliche Stücke Unverfälschter Genuss"}
{"url": "https://www.fressnapf.de/p/real-nature-wilderness-adult-wide-savannah-gefluegel-mit-wildschwein-und-lamm-300-g-1173937004/", "product_name": "REAL NATURE WILDERNESS Adult Wide Savannah Geflügel mit Wildschwein und Lamm 300 g", "brand": "REAL NATURE Trockenfutter", "regular_price": 0.0, "selling_price": 4.99, "price_per_unit": 0.0, "breadcrumbs": "Katze > Katzenfutter > Trockenfutter", "description": "aus 75% hochwertigem Geflügel, Wildschwein und Lamm, 25% Obst, Gemüse und Kräutern getreidefreie Rezeptur frei von Konservierungs-, Aroma- und Farbstoffen"}
{"url": "https://www.fressnapf.de/p/royal-canin-british-shorthair-adult-in-sosse-12x85-g-1229816/", "product_name": "ROYAL CANIN British Shorthair Adult in Soße 12x85 g", "brand": "ROYAL CANIN Nassfutter", "regular_price": 20.5, "selling_price": 17.29, "price_per_unit": 16.95, "breadcrumbs": "Katze > Katzenfutter > Nassfutter", "description": "Perfekt geeignet für einen niedrigen Energiebedarf Unterstützt eine gesunde Haut und schönes Fell Unterstützt die Harnwegsfunktion"}
{"url": "https://www.fressnapf.de/p/premiere-deluxe-ragout-kitten-multipack-12x85g-1002795003/", "product_name": "PREMIERE Deluxe Ragout Kitten Multipack 12x85g", "brand": "PREMIERE Nassfutter", "regular_price": 0.0, "selling_price": 6.29, "price_per_unit": 0.0, "breadcrumbs": "Katze > Katzenfutter > Nassfutter", "description": "Ohne Zusatz von Soja, Zucker und künstlichen Farbstoffen Mit wertvollem Taurin Getreidefreie Rezeptur"}
{"url": "https://www.fressnapf.de/p/kattovit-feline-diet-gastro-24x85g-huhn--reis-1307592/", "product_name": "KATTOVIT Feline Diet Gastro 24x85g Huhn & Reis", "brand": "KATTOVIT", "regular_price": 18.96, "selling_price": 16.99, "price_per_unit": 8.33, "breadcrumbs": "PLP > VET Diäten > Katze > Schonkost", "description": "Zur Linderung von Magen-Darm-Erkrankungen Fettarm und leicht verdaulich Hoher Elektrolytgehalt"}
{"url": "https://www.fressnapf.de/p/royal-canin-british-shorthair-adult-400-g-1002862016/", "product_name": "ROYAL CANIN British Shorthair Adult 400 g", "brand": "ROYAL CANIN Trockenfutter", "regular_price": 7.9, "selling_price": 7.49, "price_per_unit": 18.72, "breadcrumbs": "Katze > Katzenfutter > Trockenfutter", "description": "Perfekt geeignet für eine optimale Bemuskelung Unterstützt gesunde Knochen und Gelenke Fördert die Herzfunktion"}
{"url": "https://www.fressnapf.de/p/real-nature-wilderness-adult-4x100-g-multipack-2-1243584001/", "product_name": "REAL NATURE Wilderness Adult 4x100 g Multipack 2", "brand": "REAL NATURE Nassfutter", "regular_price": 0.0, "selling_price": 5.79, "price_per_unit": 0.0, "breadcrumbs": "Katze > Katzenfutter > Nassfutter", "description": "Ursprüngliche Ernährung nach dem Vorbild der Wildkatze Mit einem sehr hohen Fleischanteil (97%, inkl. Brühe) Getreidefreie Rezeptur"}
{"url": "https://www.fressnapf.de/p/royal-canin-sterilised-adult-in-sosse-12x85-g-1099165/", "product_name": "ROYAL CANIN Sterilised Adult in Soße 12x85 g", "brand": "ROYAL CANIN Nassfutter", "regular_price": 18.8, "selling_price": 15.59, "price_per_unit": 15.28, "breadcrumbs": "Katze > Katzenfutter > Nassfutter", "description": "Trägt zum Erhalt des Idealgewichts bei Fördert eine gesunde Harnwegsfunktion Instinktiv bevorzugt, hervorragende Akzeptanz"}
{"url": "https://www.fressnapf.de/p/premiere-royal-ragout-kitten-reich-an-gefluegel-16x100-g-1100954/", "product_name": "PREMIERE Royal Ragout Kitten Reich an Geflügel 16x100 g", "brand": "PREMIERE Nassfutter", "regular_price": 0.0, "selling_price": 9.44, "price_per_unit": 0.0, "breadcrumbs": "Katze > Katzenfutter > Nassfutter", "description": "reich an hochwertigem Fleisch sorgfältig ausgesuchte Zutaten ohne Zusatz von künstlichen Farbstoffen und Konservierungsmitteln"}
{"url": "https://www.fressnapf.de/p/felix-sensations-12x85g-geschmacksvielfalt-vom-land-1320985/", "product_name": "Felix Sensations 12x85g Geschmacksvielfalt vom Land", "brand": "Felix Nassfutter", "regular_price": 0.0, "selling_price": 5.19, "price_per_unit": 0.0, "breadcrumbs": "Katze > Katzenfutter > Nassfutter", "description": "Leckere Auswahl unwiderstehlicher Mahlzeiten in Sauce 100% komplett & ausgewogen Mit Omega-6-Fettsäuren"}
{"url": "https://www.fressnapf.de/p/felix-farmhouse-sensations-huhn--truthahn-1-kg-1072705004/", "product_name": "Felix Farmhouse Sensations Huhn & Truthahn 1 kg", "brand": "Felix Trockenfutter", "regular_price": 0.0, "selling_price": 3.79, "price_per_unit": 0.0, "breadcrumbs": "Katze > Katzenfutter > Trockenfutter", "description": "100% komplett & ausgewogen Enthält die Vitamine A, D & E Ohne künstliche Farb-, Aroma- & Konservierungsstoffe"}
{"url": "https://www.fressnapf.de/p/premiere-adult-gelee-reich-an-lachs-16x100-g-1128219/", "product_name": "PREMIERE Adult Gelee Reich an Lachs 16x100 g", "brand": "PREMIERE Nassfutter", "regular_price": 0.0, "selling_price": 9.44, "price_per_unit": 0.0, "breadcrumbs": "Katze > Katzenfutter > Nassfutter", "description": "Ohne künstliche Farb- und Konservierungsstoffe. Ausgewogene Zusammensetzung Optimale Nährstoffversorgung"}
{"url": "https://www.fressnapf.de/p/real-nature-wilderness-pure-beef-adult-300-g-1173937013/", "product_name": "REAL NATURE WILDERNESS Pure Beef Adult 300 g", "brand": "REAL NATURE Trockenfutter", "regular_price": 0.0, "selling_price": 4.99, "price_per_unit": 0.0, "breadcrumbs": "Katze > Katzenfutter > Trockenfutter", "description": "aus hochwertigen & wertvollen Zutaten getreidefreie Rezeptur 100% natürlich - in den ausgewählten Rohstoffen"}
{"url": "https://www.fressnapf.de/p/royal-canin-ageing-12-in-sosse-12x85-g-1100303/", "product_name": "ROYAL CANIN Ageing +12 in Soße 12x85 g", "brand": "ROYAL CANIN Nassfutter", "regular_price": 20.3, "selling_price": 16.79, "price_per_unit": 16.46, "breadcrumbs": "Katze > Katzenfutter > Nassfutter", "description": "Gelenkgesundheit Instinktiv bevorzugt Unterstützung der Nierenfunktion"}
{"url": "https://www.fressnapf.de/p/multifit-adult-pat-rind--leber-6x400-g-1309664/", "product_name": "MultiFit Adult Paté Rind & Leber 6x400 g", "brand": "MultiFit Nassfutter", "regular_price": 0.0, "selling_price": 5.34, "price_per_unit": 0.0, "breadcrumbs": "Katze > Katzenfutter > Nassfutter", "description": "Ohne Zusatz von Zucker, Farbstoffen und Konservierungsmitteln Biotin für ein glänzendes Fell und schöne Haut Ausgewogene Rezeptur mit Taurin"}
{"url": "https://www.fressnapf.de/p/gimcat-malt-soft-extra-katzenpaste-100-g-1003113004/", "product_name": "GimCat Malt-Soft-Extra Katzenpaste 100 g", "brand": "GimCat Ergänzungsfutter & Aufzucht", "regular_price": 0.0, "selling_price": 6.99, "price_per_unit": 0.0, "breadcrumbs": "Katze > Katzenfutter > Ergänzungsfutter & Aufzucht", "description": "mit aromatischem Malzgeschmack minimiert Haarballenbildung fördert den Transport von Nahrung"}
{"url": "https://www.fressnapf.de/p/miamor-pastete-multibox-12x85g-gefluegel-1309624/", "product_name": "Miamor Pastete Multibox 12x85g Geflügel", "brand": "Miamor Nassfutter", "regular_price": 9.48, "selling_price": 7.49, "price_per_unit": 7.34, "breadcrumbs": "Katze > Katzenfutter > Nassfutter", "description": "Optimales Magnesiumverhältnis Ohne Zusatz von Rindfleisch oder Soja In vielen leckeren Sorten"}
{"url": "https://www.fressnapf.de/p/multifit-adult-jelly-kaninchen--ente-6x405-g-1309649/", "product_name": "MultiFit Adult Jelly Kaninchen & Ente 6x405 g", "brand": "MultiFit Nassfutter", "regular_price": 0.0, "selling_price": 5.34, "price_per_unit": 0.0, "breadcrumbs": "Katze > Katzenfutter > Nassfutter", "description": "ohne Zusatz von Zucker, Farbstoffen und Konservierungsmitteln Biotin für ein glänzendes Fell und schöne Haut Ausgewogene Rezeptur mit Taurin"}
{"url": "https://www.fressnapf.de/p/gimcat-katzengras-schnellkeimbeutel-100g-1004001/", "product_name": "GimCat Katzengras Schnellkeimbeutel 100g", "brand": "GimCat Ergänzungsfutter & Aufzucht", "regular_price": 0.0, "selling_price": 1.99, "price_per_unit": 0.0, "breadcrumbs": "Katze > Katzenfutter > Ergänzungsfutter & Aufzucht", "description": "Mit Schnellkeimung Gegen Haarballenbildung Aus kontrolliertem Feldanbau"}
{"url": "https://www.fressnapf.de/p/premiere-multipack-8x100g-pure-pt-mit-gefluegel-und-fisch-1002805002/", "product_name": "PREMIERE Multipack 8x100g Pure Pâté mit Geflügel und Fisch", "brand": "PREMIERE Nassfutter", "regular_price": 0.0, "selling_price": 3.99, "price_per_unit": 0.0, "breadcrumbs": "Katze > Katzenfutter > Nassfutter", "description": "Getreidefrei und ohne Soja- oder Zuckerzusatz Sorgfältig ausgesuchte Zutaten Ohne künstliche Farb- und Konservierungsstoffe"}
{"url": "https://www.fressnapf.de/p/royal-canin-care-digest-sensitive-in-sosse-12x85-g-1100873/", "product_name": "ROYAL CANIN Care Digest Sensitive in Soße 12x85 g", "brand": "ROYAL CANIN Nassfutter", "regular_price": 21.9, "selling_price": 16.79, "price_per_unit": 16.46, "breadcrumbs": "Katze > Katzenfutter > Nassfutter", "description": "Hilft eine optimale Stuhlqualität zu fördern Unterstützt ein gesundes Gleichgewicht der Darmflora und trägt zu einer optimalen Stuhlqualität bei Nachweisbare Ergebnisse"}
{"url": "https://www.fressnapf.de/p/felix-doppelt-lecker-12x85g-geschmacksvielfalt-aus-dem-wasser-1320989/", "product_name": "Felix Doppelt Lecker 12x85g Geschmacksvielfalt aus dem Wasser", "brand": "Felix Nassfutter", "regular_price": 0.0, "selling_price": 4.99, "price_per_unit": 0.0, "breadcrumbs": "Katze > Katzenfutter > Nassfutter", "description": "Leckere Auswahl unwiderstehlicher Mahlzeiten Doppelter Genuss mit zarten Stückchen Mit Omega-6-Fettsäuren"}
{"url": "https://www.fressnapf.de/p/real-nature-adult-kaninchen--gefluegel-mit-leinoel-6x400-g-1099772/", "product_name": "REAL NATURE Adult Kaninchen & Geflügel mit Leinöl 6x400 g", "brand": "REAL NATURE Nassfutter", "regular_price": 0.0, "selling_price": 13.74, "price_per_unit": 0.0, "breadcrumbs": "Katze > Katzenfutter > Nassfutter", "description": "Naturnahe Ernährung Hochwertige Proteine Ohne Zusatz von künstlichen Konservierungs-, Farb- und Aromastoffen"}
{"url": "https://www.fressnapf.de/p/premiere-meat-menu-kitten-mixpaket-6x200g-1289566/", "product_name": "PREMIERE Meat Menu Kitten Mixpaket 6x200g", "brand": "PREMIERE Nassfutter", "regular_price": 0.0, "selling_price": 5.94, "price_per_unit": 0.0, "breadcrumbs": "Katze > Katzenfutter > Nassfutter", "description": "100% Frischfleisch im Fleischanteil Mit getreidefreier Rezeptur und ohne Soja- oder Zuckerersatzz Mit wertvollem Taurin, ohne künstliche Aromastoffe/Geschmacksstoffe"}
{"url": "https://www.fressnapf.de/p/real-nature-wilderness-adult-great-plains-huhn--kaninchen-6x400-g-1327482/", "product_name": "REAL NATURE WILDERNESS Adult Great Plains Huhn & Kaninchen 6x400 g", "brand": "REAL NATURE Nassfutter", "regular_price": 0.0, "selling_price": 19.14, "price_per_unit": 0.0, "breadcrumbs": "Katze > Katzenfutter > Nassfutter", "description": "Mit hohem Fleischanteil: mindestens 94% (inkl. Brühe) Getreidefreie Rezepturen Ohne Zusatz von Farbstoffen, Antioxidations- und Konservierungsmitteln"}
{"url": "https://www.fressnapf.de/p/real-nature-wilderness-dark-fjord-adult-rothirsch-wildschwein--gefluegel-300-g-1173937009/", "product_name": "REAL NATURE WILDERNESS Dark Fjord Adult Rothirsch, Wildschwein & Geflügel 300 g", "brand": "REAL NATURE Trockenfutter", "regular_price": 0.0, "selling_price": 4.99, "price_per_unit": 0.0, "breadcrumbs": "Katze > Katzenfutter > Trockenfutter", "description": "aus 70% hochwertigem Rothirsch, Wildschwein & Geflügel, 30% Obst und Gemüse getreidefreie Rezeptur 100% natürlich - in den eingesetzten Rohstoffen"}
{"url": "https://www.fressnapf.de/p/premiere-deluxe-ragout-kitten-reich-an-gefluegel-22x85-g-1100961/", "product_name": "PREMIERE Deluxe Ragout Kitten Reich an Geflügel 22x85 g", "brand": "PREMIERE Nassfutter", "regular_price": 0.0, "selling_price": 12.98, "price_per_unit": 0.0, "breadcrumbs": "Katze > Katzenfutter > Nassfutter", "description": "Ohne Zusatz von Soja, Zucker und künstlichen Farbstoffen Mit wertvollem Taurin Verschiedene Sorten"}
{"url": "https://www.fressnapf.de/p/whiskas-senior-7-800-g-1390521/", "product_name": "Whiskas Senior 7+ 800 g", "brand": "Whiskas Trockenfutter", "regular_price": 6.99, "selling_price": 3.49, "price_per_unit": 3.57, "breadcrumbs": "Katze > Katzenfutter > Trockenfutter", "description": "Mit Taurin, das zum Erhalt eines gesunden Herzens beiträgt Kontrollierter Mineralgehalt, welcher zur Unterstützung der Harnwege beiträgt Mit erhöhtem Vitamin E, das zur Unterstützung natürlicher Abwehrkräfte beiträgt"}
{"url": "https://www.fressnapf.de/p/premiere-kitten-gefluegel-300-g-1002957001/", "product_name": "PREMIERE Kitten Geflügel 300 g", "brand": "PREMIERE Trockenfutter", "regular_price": 0.0, "selling_price": 2.99, "price_per_unit": 0.0, "breadcrumbs": "Katze > Katzenfutter > Trockenfutter", "description": "Mit 14% Frischfleisch Speziell für Katzenwelpen: unterstützt das optimale Wachstum Ohne Zusatz von Zucker, Soja, künstlichen Konservierungsmitteln und Farbstoffen"}
{"url": "https://www.fressnapf.de/p/royal-canin-care-urinary-in-sosse-12x85-g-1229817/", "product_name": "ROYAL CANIN Care Urinary in Soße 12x85 g", "brand": "ROYAL CANIN Nassfutter", "regular_price": 21.9, "selling_price": 16.79, "price_per_unit": 16.46, "breadcrumbs": "Katze > Katzenfutter > Nassfutter", "description": "Hilft, die Harnwegsgesundheit zu unterstützen Entwickelt zur Förderung eines gesunden Mineralstoffgehalts in den Harnwegen Nachweisbare Ergebnisse"}
{"url": "https://www.fressnapf.de/p/gourmet--la-carte-4x85g-rezepte-des-kuechenchefs-1003052001/", "product_name": "GOURMET à la Carte 4x85g Rezepte des Küchenchefs", "brand": "GOURMET Nassfutter", "regular_price": 0.0, "selling_price": 2.99, "price_per_unit": 0.0, "breadcrumbs": "Katze > Katzenfutter > Nassfutter", "description": "Rezepte des Küchenchefs Delikate Häppchen mit Fisch oder Fleisch Hervorragender Geschmack"}
{"url": "https://www.fressnapf.de/p/multifit-adult-sauce-kaninchen--ente-6x400-g-1309661/", "product_name": "MultiFit Adult Sauce Kaninchen & Ente 6x400 g", "brand": "MultiFit Nassfutter", "regular_price": 0.0, "selling_price": 5.34, "price_per_unit": 0.0, "breadcrumbs": "Katze > Katzenfutter > Nassfutter", "description": "Fördert glänzendes Fell und schöne Haut durch Biotin und Omega-6 Ausgewogene Rezeptur mit Taurin Ohne Zusatz von Zucker, Farbstoffen & Konservierungsmitteln"}
{"url": "https://www.fressnapf.de/p/gourmet-natures-creations-12x85g-huhn-1343075/", "product_name": "GOURMET Nature's Creations 12x85g Huhn", "brand": "GOURMET Nassfutter", "regular_price": 11.88, "selling_price": 11.69, "price_per_unit": 11.46, "breadcrumbs": "Katze > Katzenfutter > Nassfutter", "description": "Mit ausgewählten naturbelassenen Zutaten Schonend gegarte feine Streifen Ohne Zusatz künstlicher Farbstoffe, Konservierungsstoffe und Aromastoff"}
{"url": "https://www.fressnapf.de/p/premiere-sterilised-300-g-1002957009/", "product_name": "PREMIERE Sterilised 300 g", "brand": "PREMIERE Trockenfutter", "regular_price": 0.0, "selling_price": 2.99, "price_per_unit": 0.0, "breadcrumbs": "Katze > Katzenfutter > Trockenfutter", "description": "ohne Zusatz von Zucker, Soja, künstlichen Konservierungsmitteln und Farbstoffen mit wertvollem Taurin hoher Fleischanteil"}
{"url": "https://www.fressnapf.de/p/felix-so-gut-wie-es-aussieht-senior-12x85g-1321005/", "product_name": "Felix So gut wie es aussieht Senior 12x85g", "brand": "Felix Nassfutter", "regular_price": 0.0, "selling_price": 5.19, "price_per_unit": 0.0, "breadcrumbs": "Katze > Katzenfutter > Nassfutter", "description": "Geeignet für Katzen ab 7 Jahren 4 Sorten in einer Packung Ausgewogene Mineralstoffe"}
{"url": "https://www.fressnapf.de/p/real-nature-wilderness-kitten-true-country-huhn--lachs-6x400-g-1202057/", "product_name": "REAL NATURE WILDERNESS Kitten True Country Huhn & Lachs 6x400 g", "brand": "REAL NATURE Nassfutter", "regular_price": 0.0, "selling_price": 19.14, "price_per_unit": 0.0, "breadcrumbs": "Katze > Katzenfutter > Nassfutter", "description": "mit hohem Fleischanteil: mindestens 94% (inkl. Brühe) getreidefreie Rezeptur ohne Zusatz von Farbstoffen, Antioxidations- und Konservierungsmitteln"}
{"url": "https://www.fressnapf.de/p/multifit-adult-special-jelly-duo-classic-mix-multipack-12x100g-1316432/", "product_name": "MultiFit Adult Special Jelly Duo Classic Mix Multipack 12x100g", "brand": "MultiFit Nassfutter", "regular_price": 0.0, "selling_price": 3.99, "price_per_unit": 0.0, "breadcrumbs": "Katze > Katzenfutter > Nassfutter", "description": "Mit Taurin zur Unterstützung der Herz- und Sehfunktion Für ein glänzendes Fell und eine schöne Haut Für eine gute Verdauung"}
{"url": "https://www.fressnapf.de/p/premiere-meat-menu-kitten-rind--gefluegelkomposition-6x200-g-1202200/", "product_name": "PREMIERE Meat Menu Kitten Rind & Geflügelkomposition 6x200 g", "brand": "PREMIERE Nassfutter", "regular_price": 0.0, "selling_price": 7.09, "price_per_unit": 0.0, "breadcrumbs": "Katze > Katzenfutter > Nassfutter", "description": "100% Frischfleisch im Fleischanteil Getreidefreie Rezeptur Ohne Zusatz von Soja, Zucker und künstlichen Aromastoffen"}
{"url": "https://www.fressnapf.de/p/whiskas-knuspertaschen-mega-pack-180g-huhn--kaese-1327805/", "product_name": "Whiskas Knuspertaschen Mega Pack 180g Huhn & Käse", "brand": "Whiskas Snacks", "regular_price": 4.29, "selling_price": 3.79, "price_per_unit": 21.06, "breadcrumbs": "Katze > Katzenfutter > Snacks", "description": "köstliche Leckerbissen mit saftigem Kern weniger als 2 kcal"}
{"url": "https://www.fressnapf.de/p/felix-sensations-crunchy-10x85g--40g-knusperstueckchen-geschmacksvielfalt-mit-gemuese-1318651/", "product_name": "Felix Sensations Crunchy 10x85g + 40g Knusperstückchen Geschmacksvielfalt mit Gemüse", "brand": "Felix Nassfutter", "regular_price": 0.0, "selling_price": 5.49, "price_per_unit": 0.0, "breadcrumbs": "Katze > Katzenfutter > Nassfutter", "description": "Leckere Auswahl unwiderstehlicher Mahlzeiten in Gelee Für den extra Knusper-Spaß Ausgewogene Mineralstoffe"}
{"url": "https://www.fressnapf.de/p/whiskas-1-adult-huhn-19-kg-1223645001/", "product_name": "Whiskas 1+ Adult Huhn 1,9 kg", "brand": "Whiskas Trockenfutter", "regular_price": 6.99, "selling_price": 6.79, "price_per_unit": 3.57, "breadcrumbs": "Katze > Katzenfutter > Trockenfutter", "description": "Unterstützt die Zahnpflege durch einen sanften Abriebeffekt Entwickelt, um zur Unterstützung der Gesunderhaltung der Harnwege beizutragen Mit Vitamin A für eine starke Sehkraft"}
{"url": "https://www.fressnapf.de/p/sheba-sauce-collection-22-x-85-g-pute-in-heller-sauce-1269857/", "product_name": "Sheba Sauce Collection 22 x 85 g Pute, in heller Sauce", "brand": "Sheba Nassfutter", "regular_price": 0.0, "selling_price": 16.49, "price_per_unit": 0.0, "breadcrumbs": "Katze > Katzenfutter > Nassfutter", "description": "Katzennassfutter in herzhafter Sauce, hergestellt mit natürlichen und hochwertigen Zutaten Das hochwertige SHEBA® Katzennassfutter für ausgewachsene Katzen bietet deiner Samtpfote täglich eine komplette und ausgewogene Ernährung Ohne künstliche Farb- oder Konservierungsstoffe"}
{"url": "https://www.fressnapf.de/p/royal-canin-maine-coon-adult-400-g-1002862015/", "product_name": "ROYAL CANIN Maine Coon Adult 400 g", "brand": "ROYAL CANIN Trockenfutter", "regular_price": 7.9, "selling_price": 7.49, "price_per_unit": 18.72, "breadcrumbs": "Katze > Katzenfutter > Trockenfutter", "description": "Hilft bei der Unterstützung der Gelenke Fördert die Herzfunktion Unterstützt gesunde Haut und schönes Fell"}
{"url": "https://www.fressnapf.de/p/purina-one-sensitive-mit-huhn--karotten-26x85g-1099274/", "product_name": "Purina ONE Sensitive mit Huhn & Karotten 26x85g", "brand": "Purina ONE Nassfutter", "regular_price": 0.0, "selling_price": 21.49, "price_per_unit": 0.0, "breadcrumbs": "Katze > Katzenfutter > Nassfutter", "description": "Mit qualitativen hochwertigen Huhn als Proteinquelle und für den guten Geschmack Hohe Verdaulichkeit dank qualitativ hochwertiger Zutaten Ohne Farbstoffe oder Zusatz von künstlichen Aroma- und Konservierungsstoffen"}
{"url": "https://www.fressnapf.de/p/felix-seaside-sensations-lachs--gemuese-1-kg-1072705005/", "product_name": "Felix Seaside Sensations Lachs & Gemüse 1 kg", "brand": "Felix Trockenfutter", "regular_price": 0.0, "selling_price": 3.79, "price_per_unit": 0.0, "breadcrumbs": "Katze > Katzenfutter > Trockenfutter", "description": "100% komplett & ausgewogen Enthält die Vitamine A, D & E Ohne künstliche Farb-, Aroma- & Konservierungsstoffe"}
{"url": "https://www.fressnapf.de/p/real-nature-original-adult-6x400-g-mixpaket-1-1244494/", "product_name": "REAL NATURE Original Adult 6x400 g Mixpaket 1", "brand": "REAL NATURE Nassfutter", "regular_price": 0.0, "selling_price": 14.94, "price_per_unit": 0.0, "breadcrumbs": "Katze > Katzenfutter > Nassfutter", "description": "Naturnahe Ernährung Hochwertige Proteine Ohne Zusatz von künstlichen Konservierungs-, Farb- und Aromastoffen"}
{"url": "https://www.fressnapf.de/p/multifit-snackpaste-multivitamin-mit-katzenminze-100-g-1204173002/", "product_name": "MultiFit Snackpaste Multivitamin mit Katzenminze 100 g", "brand": "MultiFit Snacks", "regular_price": 0.0, "selling_price": 2.09, "price_per_unit": 0.0, "breadcrumbs": "Katze > Katzenfutter > Snacks", "description": "Ohne Zuckerzusatz Mit 12 Vitaminen Für Katzen ab dem 4. Monat"}
{"url": "https://www.fressnapf.de/p/multifit-snackpaste-malz-mit-kaese-100-g-1204173001/", "product_name": "MultiFit Snackpaste Malz mit Käse 100 g", "brand": "MultiFit Snacks", "regular_price": 0.0, "selling_price": 2.09, "price_per_unit": 0.0, "breadcrumbs": "Katze > Katzenfutter > Snacks", "description": "Ohne Zuckerzusatz 60% Malz Mit leckerem Geschmack"}
{"url": "https://www.fressnapf.de/p/gourmet-perle-4x85g-truthahn-thunfisch-ente--lamm-1003051002/", "product_name": "GOURMET Perle 4x85g Truthahn, Thunfisch, Ente & Lamm", "brand": "GOURMET Nassfutter", "regular_price": 0.0, "selling_price": 2.29, "price_per_unit": 0.0, "breadcrumbs": "Katze > Katzenfutter > Nassfutter", "description": "auch für anspruchsvolle Katzen schonend in schmackhafter Sauce gekocht im praktischen Portionsbeutel"}
{"url": "https://www.fressnapf.de/p/animonda-carny-adult-rind-pur-6x800-g-1100931/", "product_name": "animonda Carny Adult Rind pur 6x800 g", "brand": "animonda Nassfutter", "regular_price": 24.9, "selling_price": 13.76, "price_per_unit": 2.87, "breadcrumbs": "Katze > Katzenfutter > Nassfutter", "description": "100% frische fleischliche Zutaten Sichtbare, fleischliche Stücke Unverfälschter Genuss"}
{"url": "https://www.fressnapf.de/p/real-nature-wilderness-kitten-true-country-huhn-mit-fisch-300-g-1173937001/", "product_name": "REAL NATURE WILDERNESS Kitten True Country Huhn mit Fisch 300 g", "brand": "REAL NATURE Trockenfutter", "regular_price": 0.0, "selling_price": 4.99, "price_per_unit": 0.0, "breadcrumbs": "Katze > Katzenfutter > Trockenfutter", "description": "aus 75% hochwertigem Huhn und Fisch, 25% Obst, Gemüse und Kräutern getreidefreie Rezeptur frei von Konservierungs-, Aroma- und Farbstoffen"}
{"url": "https://www.fressnapf.de/p/royal-canin-sensible-33-400-g-1002862011/", "product_name": "ROYAL CANIN Sensible 33 400 g", "brand": "ROYAL CANIN Trockenfutter", "regular_price": 6.9, "selling_price": 5.99, "price_per_unit": 14.98, "breadcrumbs": "Katze > Katzenfutter > Trockenfutter", "description": "Fördert eine optimale Verdauung Regt dank hoher Schmackhaftigkeit die Nahrungsaufnahme an Perfekt geeignet für Katzen mit hohem Energiebedarf"}
{"url": "https://www.fressnapf.de/p/select-gold-pure-adult-pat-gans-6x400-g-1323583/", "product_name": "SELECT GOLD Pure Adult Paté Gans 6x400 g", "brand": "SELECT GOLD Nassfutter", "regular_price": 0.0, "selling_price": 8.24, "price_per_unit": 0.0, "breadcrumbs": "Katze > Katzenfutter > Nassfutter", "description": "Hoher Anteil wertvoller tierischer Proteine Ohne Beigabe von pflanzlichen Kohlenhydratquellen Besonders geeignet bei Unverträglichkeiten"}
{"url": "https://www.fressnapf.de/p/miamor-trinkfein-vitaldrink-sixpack-6x135ml-gefluegel-1320813/", "product_name": "Miamor Trinkfein Vitaldrink Sixpack 6x135ml Geflügel", "brand": "Miamor Katzenmilch & Getränke", "regular_price": 5.69, "selling_price": 5.29, "price_per_unit": 6.53, "breadcrumbs": "Katze > Katzenfutter > Katzenmilch & Getränke", "description": "Motiviert zu höherer Flüssigkeitsaufnahme Bei unzureichender Trinkfreude Besonders schmackhaft"}
{"url": "https://www.fressnapf.de/p/multifit-wasser-fuer-katzen-6x15l-1099918/", "product_name": "MultiFit Wasser für Katzen 6x1,5l", "brand": "MultiFit Katzenmilch & Getränke", "regular_price": 0.0, "selling_price": 7.14, "price_per_unit": 0.0, "breadcrumbs": "Katze > Katzenfutter > Katzenmilch & Getränke", "description": "Angereichert mit Taurin In praktischer 1,5 Liter Flasche Natürlich erfrischend"}
{"url": "https://www.fressnapf.de/p/select-gold-hair--skin-adult-6x200-g-1099809/", "product_name": "SELECT GOLD Hair & Skin Adult 6x200 g", "brand": "SELECT GOLD Nassfutter", "regular_price": 0.0, "selling_price": 5.0, "price_per_unit": 0.0, "breadcrumbs": "Katze > Katzenfutter > Nassfutter", "description": "trägt zu intakter Haut und schönem Fell bei Getreidefrei, ohne Zusatz von Zucker und Soja Ohne Verwendung von Konservierungsmitteln, Farb- und künstlichen Geschmacksstoffen"}
{"url": "https://www.fressnapf.de/p/premiere-meat-menu-adult-fleischkomposition-6x200-g-1202421/", "product_name": "PREMIERE Meat Menu Adult Fleischkomposition 6x200 g", "brand": "PREMIERE Nassfutter", "regular_price": 0.0, "selling_price": 7.14, "price_per_unit": 0.0, "breadcrumbs": "Katze > Katzenfutter > Nassfutter", "description": "100% Frischfleisch im Fleischanteil Getreidefreie Rezeptur Ohne Zusatz von Soja, Zucker und künstlichen Aromastoffen"}
{"url": "https://www.fressnapf.de/p/multifit-adult-special-jelly-classic-mix-multipack-12x100g-1316437/", "product_name": "MultiFit Adult Special Jelly Classic Mix Multipack 12x100g", "brand": "MultiFit Nassfutter", "regular_price": 0.0, "selling_price": 3.99, "price_per_unit": 0.0, "breadcrumbs": "Katze > Katzenfutter > Nassfutter", "description": "Mit Taurin zur Unterstützung der Herz- und Sehfunktion Für ein glänzendes Fell und eine schöne Haut Für eine gute Verdauung"}
{"url": "https://www.fressnapf.de/p/whiskas-junior-huhn-800-g-1390516/", "product_name": "Whiskas Junior Huhn 800 g", "brand": "Whiskas Trockenfutter", "regular_price": 26.99, "selling_price": 3.49, "price_per_unit": 3.43, "breadcrumbs": "Katze > Katzenfutter > Trockenfutter", "description": "Vitamin E und Mineralien unterstützen die natürlichen Abwehrkräfte Mit Kalzium, um die Entwicklung gesunder Knochen und Zähne zu unterstützen Enthält extra kleine Knackits die ihr Kätzchen ganz leicht zerbeißen kann"}
{"url": "https://www.fressnapf.de/p/real-nature-light-huhn--lamm-6x400-g-1099768/", "product_name": "REAL NATURE Light Huhn & Lamm 6x400 g", "brand": "REAL NATURE Nassfutter", "regular_price": 0.0, "selling_price": 13.74, "price_per_unit": 0.0, "breadcrumbs": "Katze > Katzenfutter > Nassfutter", "description": "Naturnahe Ernährung Hochwertige Proteine Ohne Zusatz von künstlichen Konservierungs-, Farb- und Aromastoffen"}
{"url": "https://www.fressnapf.de/p/schmusy-ragout-nassfutter-katze-vorteilspack-in-sauce-12x100-g-1342986/", "product_name": "Schmusy Ragout Nassfutter Katze Vorteilspack in Sauce 12x100 g", "brand": "Schmusy Nassfutter", "regular_price": 0.0, "selling_price": 4.99, "price_per_unit": 0.0, "breadcrumbs": "Katze > Katzenfutter > Nassfutter", "description": "Im praktischen Vorteilspack Ohne Farb-, Aroma- und Konservierungsstoffe Getreidefrei"}
{"url": "https://www.fressnapf.de/p/sheba-multipack-selection-in-sauce-gefluegel-variation-12x85-g-1276725002/", "product_name": "Sheba Multipack Selection in Sauce Geflügel Variation 12x85 g", "brand": "Sheba Nassfutter", "regular_price": 0.0, "selling_price": 6.99, "price_per_unit": 0.0, "breadcrumbs": "Katze > Katzenfutter > Nassfutter", "description": "Katzennassfutter in Sauce, hergestellt mit natürlichen und hochwertigen Zutaten Das hochwertige SHEBA® Katzennassfutter für ausgewachsene Katzen bietet deiner Samtpfote täglich eine komplette und ausgewogene Ernährung Eine köstliche Auswahl mit Huhn, Huhn & Pute, Geflügel und Truthahn in Sauce"}
{"url": "https://www.fressnapf.de/p/perfect-fit-sensitive-1-12x85g-huhn-1262033/", "product_name": "PERFECT FIT Sensitive 1+ 12x85g Huhn", "brand": "PERFECT FIT Nassfutter", "regular_price": 10.68, "selling_price": 9.99, "price_per_unit": 9.79, "breadcrumbs": "Katze > Katzenfutter > Nassfutter", "description": "stärkt die Abwehrkräfte unterstützt die Fellgesundheit optimale Gewichtskontrolle"}
{"url": "https://www.fressnapf.de/p/sheba-delikatesse-in-gelee-12x85g-1265395/", "product_name": "Sheba Delikatesse in Gelee 12x85g", "brand": "Sheba Nassfutter", "regular_price": 0.0, "selling_price": 6.79, "price_per_unit": 0.0, "breadcrumbs": "Katze > Katzenfutter > Nassfutter", "description": "feine Stücke in Gelee schonend zubereitet sehr abwechslungsreich"}
{"url": "https://www.fressnapf.de/p/fitfun-junior-pat-gefluegel-16x100-g-1295631/", "product_name": "FIT+FUN Junior Paté Geflügel 16x100 g", "brand": "FIT+FUN Nassfutter", "regular_price": 0.0, "selling_price": 4.8, "price_per_unit": 0.0, "breadcrumbs": "Katze > Katzenfutter > Nassfutter", "description": "optimal auf kleine Kätzchen abgestimmt leckeres Paté mit Inulin"}
{"url": "https://www.fressnapf.de/p/royal-canin-maine-coon-adult-in-sosse-12x85-g-1229815/", "product_name": "ROYAL CANIN Maine Coon Adult in Soße 12x85 g", "brand": "ROYAL CANIN Nassfutter", "regular_price": 20.5, "selling_price": 17.29, "price_per_unit": 16.95, "breadcrumbs": "Katze > Katzenfutter > Nassfutter", "description": "Fördert gesunde Knochen und Gelenke Perfekt geeignet für Maine Coon Katzen mit einem hohen Energiebedarf Unterstützt eine gesunde Haut und schönes Fell"}
{"url": "https://www.fressnapf.de/p/moments-fish-selection-6x70g-1333065/", "product_name": "MOMENTS Fish Selection 6x70g", "brand": "MOMENTS Nassfutter", "regular_price": 0.0, "selling_price": 6.49, "price_per_unit": 0.0, "breadcrumbs": "Katze > Katzenfutter > Nassfutter", "description": "Reine Fischfilets, schonend im eigenen Saft gegart Getreidefreie Rezeptur, ideal für ernährungssensible Katzen Ohne Geschmacksverstärker, Konservierungs- und Farbstoffe"}
{"url": "https://www.fressnapf.de/p/gimcat-katzengras-150g-1002575001/", "product_name": "GimCat Katzengras 150g", "brand": "GimCat Ergänzungsfutter & Aufzucht", "regular_price": 0.0, "selling_price": 2.99, "price_per_unit": 0.0, "breadcrumbs": "Katze > Katzenfutter > Ergänzungsfutter & Aufzucht", "description": "Einfache und schnelle Aufzucht Unterstützt das Wohlbefinden Ihrer Katze Hergestellt in Deutschland"}
{"url": "https://www.fressnapf.de/p/dreamies-mega-pack-180g-huhn-1225667/", "product_name": "Dreamies Mega Pack 180g Huhn", "brand": "Dreamies Snacks", "regular_price": 4.29, "selling_price": 3.22, "price_per_unit": 17.89, "breadcrumbs": "Katze > Katzenfutter > Snacks", "description": "außen kross, innen cremig nur 2 kcal in jedem Leckerli Ideale Belohnung für deine Katze für Zwischendurch"}
{"url": "https://www.fressnapf.de/p/select-gold-kitten-huhn-6x200-g-1099810/", "product_name": "SELECT GOLD Kitten Huhn 6x200 g", "brand": "SELECT GOLD Nassfutter", "regular_price": 0.0, "selling_price": 8.34, "price_per_unit": 0.0, "breadcrumbs": "Katze > Katzenfutter > Nassfutter", "description": "Prebiotisch wirkende Fructo-Oligosaccharide fördern den Aufbau und Erhalt einer stabilen Darmflora Natürliche Omega-3- und Omega-6-Fettsäuren aus Lachs- und Distelöl sowie Biotin können zu intakter Haut und schönem Fell beitragen Enthält Vitamin E, Selen und optimiert durch Vitamin C die körpereigenen Abwehrkräfte"}
{"url": "https://www.fressnapf.de/p/bogadent-plaque-stop-chips-katze-50g-huhn-1111100/", "product_name": "Bogadent Plaque-Stop Chips Katze 50g Huhn", "brand": "Bogadent Snacks", "regular_price": 0.0, "selling_price": 3.59, "price_per_unit": 0.0, "breadcrumbs": "Katze > Katzenfutter > Snacks", "description": "innovative XF3-Effect-Formula hemmt das Anhaften von Bakterien an der Zahnoberfläche beugt der Bildung von Plaque und Zahnstein vor"}
{"url": "https://www.fressnapf.de/p/sheba-creamy-snacks-multipack-18x12g-1309598/", "product_name": "Sheba Creamy Snacks Multipack 18x12g", "brand": "Sheba Snacks", "regular_price": 7.49, "selling_price": 6.69, "price_per_unit": 30.97, "breadcrumbs": "Katze > Katzenfutter > Snacks", "description": "cremige Leckerlis ideal für die Fütterung per Hand je 6x mit Huhn, Lachs und Rind"}
{"url": "https://www.fressnapf.de/p/animonda-vom-feinsten-kitten-32-x-100g-rind-1099761/", "product_name": "animonda Vom Feinsten Kitten 32 x 100g Rind", "brand": "animonda Nassfutter", "regular_price": 30.4, "selling_price": 19.99, "price_per_unit": 6.25, "breadcrumbs": "Katze > Katzenfutter > Nassfutter", "description": "fein-stückige Pasteten mit ausgewählten, fleischlichen Zutaten mit natürlichem Taurin"}
{"url": "https://www.fressnapf.de/p/miamor-cat-snack-malt-cream-vorteilspack-24x15g-1197394/", "product_name": "Miamor Cat Snack Malt-Cream Vorteilspack 24x15g", "brand": "Miamor Snacks", "regular_price": 0.0, "selling_price": 6.49, "price_per_unit": 0.0, "breadcrumbs": "Katze > Katzenfutter > Snacks", "description": "Verdauungsfördernd Ohne Zucker ohne Farb- und Konservierungsstoffe"}
{"url": "https://www.fressnapf.de/p/moments-adult-huhn-mit-ei-12x70-g-1099234/", "product_name": "MOMENTS Adult Huhn mit Ei 12x70 g", "brand": "MOMENTS Nassfutter", "regular_price": 0.0, "selling_price": 12.96, "price_per_unit": 0.0, "breadcrumbs": "Katze > Katzenfutter > Nassfutter", "description": "Schonend gegart im eigenen Saft erhält Vitamine und Nährstoffe Frei von Geschmacksverstärkern und Konservierungsstoffen Naturprodukt aus reinem Fleisch- oder Fisch-Filet"}
{"url": "https://www.fressnapf.de/p/vitakraft-posie-delice-adult-6x85g-fleisch-in-sauce-1278827/", "product_name": "Vitakraft Poésie Delice Adult 6x85g Fleisch, in Sauce", "brand": "Vitakraft Nassfutter", "regular_price": 0.0, "selling_price": 3.99, "price_per_unit": 0.0, "breadcrumbs": "Katze > Katzenfutter > Nassfutter", "description": "Zucker- und Getreidefrei Ohne künstliche Farb- und Konservierungsstoffe sowie ohne künstliche Aromen Hergestellt in Deutschland"}
{"url": "https://www.fressnapf.de/p/sheba-perfect-portions-sauce-3x2x375g-truthahn-1336464/", "product_name": "Sheba Perfect Portions Sauce 3x2x37,5g Truthahn", "brand": "Sheba Nassfutter", "regular_price": 0.0, "selling_price": 2.49, "price_per_unit": 0.0, "breadcrumbs": "Katze > Katzenfutter > Nassfutter", "description": "Hochwertige Zutaten Zarte Stückchen in köstlicher Sauce Jede Einzelportion ist frischeversiegelt"}
{"url": "https://www.fressnapf.de/p/sheba-multipack-mega-pack-sauce-collection-feine-vielfalt-msc-32x85-g-1275637002/", "product_name": "Sheba Multipack Mega-Pack Sauce Collection Feine Vielfalt MSC 32x85 g", "brand": "Sheba Nassfutter", "regular_price": 19.99, "selling_price": 16.99, "price_per_unit": 6.25, "breadcrumbs": "Katze > Katzenfutter > Nassfutter", "description": "Katzennassfutter in herzhafter Sauce, hergestellt mit natürlichen und hochwertigen Zutaten Das hochwertige SHEBA® Katzennassfutter für ausgewachsene Katzen bietet deiner Samtpfote täglich eine komplette und ausgewogene Ernährung Lachs- und Thunfisch-Rezepturen, mit MSC-zertifiziertem Fisch aus nachhaltiger Fischerei"}
{"url": "https://www.fressnapf.de/p/real-nature-wilderness-adult-great-plains-huhn--kaninchen-6x200-g-1327481/", "product_name": "REAL NATURE WILDERNESS Adult Great Plains Huhn & Kaninchen 6x200 g", "brand": "REAL NATURE Nassfutter", "regular_price": 0.0, "selling_price": 13.14, "price_per_unit": 0.0, "breadcrumbs": "Katze > Katzenfutter > Nassfutter", "description": "Mit hohem Fleischanteil: mindestens 94% (inkl. Brühe) Getreidefreie Rezepturen Ohne Zusatz von Farbstoffen, Antioxidations- und Konservierungsmitteln"}
{"url": "https://www.fressnapf.de/p/premiere-meat-menu-adult-12x85g-1321664/", "product_name": "PREMIERE Meat Menu Adult 12x85g", "brand": "PREMIERE Nassfutter", "regular_price": 0.0, "selling_price": 9.99, "price_per_unit": 0.0, "breadcrumbs": "Katze > Katzenfutter > Nassfutter", "description": "100% Frischfleisch im Fleischanteil Getreidefreie Rezeptur Ohne Zusatz von Soja, Zucker und künstlichen Aromastoffen"}
{"url": "https://www.fressnapf.de/p/real-nature-wilderness-kitten-true-country-huhn--lachs-6x200-g-1202695/", "product_name": "REAL NATURE WILDERNESS Kitten True Country Huhn & Lachs 6x200 g", "brand": "REAL NATURE Nassfutter", "regular_price": 0.0, "selling_price": 13.14, "price_per_unit": 0.0, "breadcrumbs": "Katze > Katzenfutter > Nassfutter", "description": "mit hohem Fleischanteil: mindestens 94% (inkl. Brühe) getreidefreie Rezeptur ohne Zusatz von Farbstoffen, Antioxidations- und Konservierungsmitteln"}
{"url": "https://www.fressnapf.de/p/whiskas-adult-1-sauce-12x400g-gefluegel-1099235/", "product_name": "Whiskas Adult 1+ Sauce 12x400g Geflügel", "brand": "Whiskas Nassfutter", "regular_price": 0.0, "selling_price": 18.99, "price_per_unit": 0.0, "breadcrumbs": "Katze > Katzenfutter > Nassfutter", "description": "Entwickelt, um zur Unterstützung der Gesunderhaltung der Harnwege beizutragen Mit Zink, das zur Haut - und Fellgesundheit beiträgt Ohne künstliche Aroma-, Farb- oder Konservierungsstoffe"}
{"url": "https://www.fressnapf.de/p/real-nature-wilderness-wide-savannah-kitten-gefluegel-lamm--wildschwein-300-g-1173937006/", "product_name": "REAL NATURE WILDERNESS Wide Savannah Kitten Geflügel, Lamm & Wildschwein 300 g", "brand": "REAL NATURE Trockenfutter", "regular_price": 0.0, "selling_price": 4.99, "price_per_unit": 0.0, "breadcrumbs": "Katze > Katzenfutter > Trockenfutter", "description": "aus 75% hochwertigem Geflügel, Lamm und Wildschwein, 25% Obst und Gemüse getreidefreie Rezeptur 100% natürlich - in den eingesetzten Rohstoffen"}
{"url": "https://www.fressnapf.de/p/miamor-feine-filets-in-jelly-mixpaket-24x100g-1336201/", "product_name": "Miamor Feine Filets in Jelly Mixpaket 24x100g", "brand": "Miamor Nassfutter", "regular_price": 26.16, "selling_price": 22.99, "price_per_unit": 9.58, "breadcrumbs": "Katze > Katzenfutter > Nassfutter", "description": "Ergänzungsfuttermittel mit hochwertigen Zutaten Helle Filetstückchen in delikatem Jelly Ohne Leber und Innereien"}
{"url": "https://www.fressnapf.de/p/gourmet-gold-zarte-haeppchen-4x85g-1003096003/", "product_name": "GOURMET Gold Zarte Häppchen 4x85g", "brand": "GOURMET Nassfutter", "regular_price": 0.0, "selling_price": 2.79, "price_per_unit": 0.0, "breadcrumbs": "Katze > Katzenfutter > Nassfutter", "description": "Gourmet-Genuss für anspruchsvolle Katzen zarte Stückchen in einer delikaten Sauce ohne Zusatz künstlicher Farbstoffe, Konservierungsstoffe und Aromen"}
{"url": "https://www.fressnapf.de/p/felix-so-gut-wie-es-aussieht-12x85g-geschmacksvielfalt-vom-land-1320990/", "product_name": "Felix So gut wie es aussieht 12x85g Geschmacksvielfalt vom Land", "brand": "Felix Nassfutter", "regular_price": 0.0, "selling_price": 5.19, "price_per_unit": 0.0, "breadcrumbs": "Katze > Katzenfutter > Nassfutter", "description": "Leckere Auswahl unwiderstehlicher Mahlzeiten 100% komplett & ausgewogen Mit Vitamin D und E"}
{"url": "https://www.fressnapf.de/p/miamor-pastete-huhn-12x85-g-1099967/", "product_name": "Miamor Pastete Huhn 12x85 g", "brand": "Miamor Nassfutter", "regular_price": 9.48, "selling_price": 8.99, "price_per_unit": 8.81, "breadcrumbs": "Katze > Katzenfutter > Nassfutter", "description": "Optimales Magnesiumverhältnis Ohne Zusatz von Rindfleisch oder Soja In vielen leckeren Sorten"}
{"url": "https://www.fressnapf.de/p/felix-so-gut-wie-es-aussieht-120x85-g-gemischte-vielfalt-in-gelee-2-1364342/", "product_name": "Felix So gut wie es aussieht 120x85 g Gemischte Vielfalt in Gelee 2", "brand": "Felix Nassfutter", "regular_price": 0.0, "selling_price": 43.99, "price_per_unit": 0.0, "breadcrumbs": "Katze > Katzenfutter > Nassfutter", "description": "Hergestellt mit hochwertigen Zutaten 100% komplett & ausgewogen Ohne Konservierungsstoffe oder Zusatz von künstlichen Aroma- und Farbstoffen"}
{"url": "https://www.fressnapf.de/p/sheba-delikatesse-in-gelee-60x85g-1293915002/", "product_name": "Sheba Delikatesse in Gelee 60x85g", "brand": "Sheba Nassfutter", "regular_price": 37.99, "selling_price": 35.99, "price_per_unit": 7.06, "breadcrumbs": "Katze > Katzenfutter > Nassfutter", "description": "ohne künstliche Farb-, Aroma- und Konservierungsstoffe feine Stückchen in saftigem Gelee schonend zubereitet mit ausgewählten Zutaten"}
{"url": "https://www.fressnapf.de/p/real-nature-light-lamm--huhn-6x200-g-1099954/", "product_name": "REAL NATURE Light Lamm & Huhn 6x200 g", "brand": "REAL NATURE Nassfutter", "regular_price": 0.0, "selling_price": 9.54, "price_per_unit": 0.0, "breadcrumbs": "Katze > Katzenfutter > Nassfutter", "description": "Naturnahe Ernährung Hochwertige Proteine Ohne Zusatz von künstlichen Konservierungs-, Farb- und Aromastoffen"}
{"url": "https://www.fressnapf.de/p/real-nature-wilderness-wildcoast-adult-thunfisch-mit-huhn-bueffel--krill-300-g-1173937010/", "product_name": "REAL NATURE WILDERNESS Wildcoast Adult Thunfisch mit Huhn, Büffel & Krill 300 g", "brand": "REAL NATURE Trockenfutter", "regular_price": 0.0, "selling_price": 4.99, "price_per_unit": 0.0, "breadcrumbs": "Katze > Katzenfutter > Trockenfutter", "description": "aus 65% hochwertigem Thunfisch,Huhn, Büffel & Krill, 35% Obst & Gemüse. getreidefreie Rezeptur 100% natürlich - in den eingesetzten Rohstoffen"}
{"url": "https://www.fressnapf.de/p/miamor-feine-filets-naturell-mixpaket-12x80g-mixpaket-1-1336203/", "product_name": "Miamor Feine Filets naturell Mixpaket 12x80g Mixpaket 1", "brand": "Miamor Nassfutter", "regular_price": 13.08, "selling_price": 11.99, "price_per_unit": 12.49, "breadcrumbs": "Katze > Katzenfutter > Nassfutter", "description": "Mit hochwertigen Zutaten Im eigenen Fleischsaft gegart Soft und lecker"}
{"url": "https://www.fressnapf.de/p/mjamjam-6-x-800-g-mixpaket-1-1297583/", "product_name": "MjAMjAM 6 x 800 g Mixpaket 1", "brand": "MjAMjAM Nassfutter", "regular_price": 28.14, "selling_price": 27.49, "price_per_unit": 5.73, "breadcrumbs": "Katze > Katzenfutter > Nassfutter", "description": "Extra hoher Fleischanteil Getreidefrei und naturbelassen Ohne Zusatz von Soja, Zucker und künstlichen Aroma- und Lockstoffen"}
{"url": "https://www.fressnapf.de/p/moments-filet-snack-10x30g-delicious-delight-thunfisch-1240278/", "product_name": "MOMENTS Filet Snack 10x30g Delicious Delight, Thunfisch", "brand": "MOMENTS Snacks", "regular_price": 0.0, "selling_price": 19.9, "price_per_unit": 0.0, "breadcrumbs": "Katze > Katzenfutter > Snacks", "description": "Reines Naturprodukt 100% reines Filet Ohne Zusatz von künstlichen Farbstoffen, Geschmacksverstärkern und Konservierungsmitteln"}
{"url": "https://www.fressnapf.de/p/royal-canin-hair--skin-in-gelee-12x85-g-1100904/", "product_name": "ROYAL CANIN Hair & Skin in Gelee 12x85 g", "brand": "ROYAL CANIN Nassfutter", "regular_price": 21.9, "selling_price": 16.79, "price_per_unit": 16.46, "breadcrumbs": "Katze > Katzenfutter > Nassfutter", "description": "Hilft bei der Unterstützung einer gesunden Haut Hilft, ein glänzendes Fell zu unterstützen Nachweisbare Ergebnisse"}
{"url": "https://www.fressnapf.de/p/gourmet-gold-feine-komposition-4x85g-1003096001/", "product_name": "GOURMET Gold Feine Komposition 4x85g", "brand": "GOURMET Nassfutter", "regular_price": 0.0, "selling_price": 2.79, "price_per_unit": 0.0, "breadcrumbs": "Katze > Katzenfutter > Nassfutter", "description": "exquisite Kombination für doppelten Genuss mit ausgewählten Zutaten ohne Zusatz künstlicher Farbstoffe, Konservierungsstoffe und Aromen"}
{"url": "https://www.fressnapf.de/p/catz-finefood-nassfutter-katze-classic-collection-adult-12x85-g-multipack-1-1052091/", "product_name": "Catz finefood Nassfutter Katze Classic Collection Adult 12x85 g Multipack 1", "brand": "Catz finefood Nassfutter", "regular_price": 17.88, "selling_price": 11.29, "price_per_unit": 11.07, "breadcrumbs": "Katze > Katzenfutter > Nassfutter", "description": "100% offen deklariert zuckerfrei und nach getreidefreier Rezeptur sehr hoher Fleischanteil"}
{"url": "https://www.fressnapf.de/p/miamor-feine-filets-mini-8x50g-feine-selection-1230396/", "product_name": "Miamor Feine Filets Mini 8x50g Feine Selection", "brand": "Miamor Nassfutter", "regular_price": 0.0, "selling_price": 5.49, "price_per_unit": 0.0, "breadcrumbs": "Katze > Katzenfutter > Nassfutter", "description": "ausschließlich helle Filetstückchen vom Huhn und Thunfisch in delikater Jelly noch mehr Vielfalt - jeweils 4 Filet-Spezialitäten in einer Multibox für anspruchsvolle Katzen verfeinert mit hochwertigen Zutaten"}
{"url": "https://www.fressnapf.de/p/kattovit-feline-diet-sensitive-24x85g-huhn--pute-1202714/", "product_name": "KATTOVIT Feline Diet Sensitive 24x85g Huhn & Pute", "brand": "KATTOVIT", "regular_price": 18.96, "selling_price": 16.99, "price_per_unit": 8.33, "breadcrumbs": "PLP > VET Diäten > Katze > Schonkost", "description": "Mit leicht verdaulichen Zutaten Reich an Taurin & Vitaminen Ideal bei Futtermittelallergien"}
{"url": "https://www.fressnapf.de/p/mjamjam-pur-6x400g-pute-1298072/", "product_name": "MjAMjAM Pur 6x400g Pute", "brand": "MjAMjAM Nassfutter", "regular_price": 19.74, "selling_price": 15.99, "price_per_unit": 6.66, "breadcrumbs": "Katze > Katzenfutter > Nassfutter", "description": "Purer Fleischgenuss Getreidefrei und naturbelassen Ohne Zusatz von Soja, Zucker und künstlichen Aroma- und Lockstoffen"}
{"url": "https://www.fressnapf.de/p/premiere-pur-pat-adult-huhn-16x100-g-1100950/", "product_name": "PREMIERE Pur Paté Adult Huhn 16x100 g", "brand": "PREMIERE Nassfutter", "regular_price": 0.0, "selling_price": 9.44, "price_per_unit": 0.0, "breadcrumbs": "Katze > Katzenfutter > Nassfutter", "description": "Reich an hochwertigem Fleisch bzw. Fisch Sorgfältig ausgesuchte Zutaten Ohne künstliche Farb- und Konservierungsstoffe"}
{"url": "https://www.fressnapf.de/p/real-nature-wilderness-northern-turkey-adult-300-g-1173937012/", "product_name": "REAL NATURE WILDERNESS Northern Turkey Adult 300 g", "brand": "REAL NATURE Trockenfutter", "regular_price": 0.0, "selling_price": 4.99, "price_per_unit": 0.0, "breadcrumbs": "Katze > Katzenfutter > Trockenfutter", "description": "aus 70% hochwertiger Pute und Huhn, 30% Obst, Gemüse und wertvollen Zutaten getreidefreie Rezeptur 100% natürlich - in den ausgewählten Rohstoffen"}
{"url": "https://www.fressnapf.de/p/mjamjam-pur-6x200g-kaenguru-1298073/", "product_name": "MjAMjAM Pur 6x200g Känguru", "brand": "MjAMjAM Nassfutter", "regular_price": 14.34, "selling_price": 12.99, "price_per_unit": 10.83, "breadcrumbs": "Katze > Katzenfutter > Nassfutter", "description": "Purer Fleischgenuss Getreidefrei & naturbelassen Ohne Zusatz von Soja, Zucker & künstlichen Aromastoffen"}
{"url": "https://www.fressnapf.de/p/gourmet-perle-duetto-26x85g-kalb--ente-1100996/", "product_name": "GOURMET Perle Duetto 26x85g Kalb & Ente", "brand": "GOURMET Nassfutter", "regular_price": 16.9, "selling_price": 14.99, "price_per_unit": 6.78, "breadcrumbs": "Katze > Katzenfutter > Nassfutter", "description": "Erlesene Streifen Schonend in schmackhafter Sauce gekocht Das Genussduett"}
{"url": "https://www.fressnapf.de/p/fitfun-jelly-multipack-92x100g-4-leckere-sorten-1350191/", "product_name": "FIT+FUN Jelly Multipack 92x100g 4 leckere Sorten", "brand": "FIT+FUN Nassfutter", "regular_price": 0.0, "selling_price": 20.99, "price_per_unit": 0.0, "breadcrumbs": "Katze > Katzenfutter > Nassfutter", "description": "Leckere Stückchen in Jelly Im praktischen Portionsbeutel Ohne Zusatz von Zucker, Farbstoffen und Konservierungsmitteln"}
{"url": "https://www.fressnapf.de/p/animonda-vom-feinsten-senior-32-x-100g-rind-1099668/", "product_name": "animonda Vom Feinsten Senior 32 x 100g Rind", "brand": "animonda Nassfutter", "regular_price": 30.4, "selling_price": 19.59, "price_per_unit": 6.12, "breadcrumbs": "Katze > Katzenfutter > Nassfutter", "description": "für ältere Katzen ab 7 Jahren fein-stückige Pasteten mit natürlichem Taurin"}
{"url": "https://www.fressnapf.de/p/gimcat-multi-vitamin-extra-katzenpaste-100-g-1003113002/", "product_name": "GimCat Multi-Vitamin-Extra Katzenpaste 100 g", "brand": "GimCat Ergänzungsfutter & Aufzucht", "regular_price": 0.0, "selling_price": 6.99, "price_per_unit": 0.0, "breadcrumbs": "Katze > Katzenfutter > Ergänzungsfutter & Aufzucht", "description": "ideal für Zucht- und Ausstellungskatzen enthält 12 lebenswichtige Vitamine stärkt das Immunsystem"}
{"url": "https://www.fressnapf.de/p/sheba-selection-in-sauce-32x85g-1275637001/", "product_name": "Sheba Selection in Sauce 32x85g", "brand": "Sheba Nassfutter", "regular_price": 22.99, "selling_price": 16.99, "price_per_unit": 6.25, "breadcrumbs": "Katze > Katzenfutter > Nassfutter", "description": "ohne künstliche Farb-, Aroma- und Konservierungsstoffe zarte Stückchen in köstlicher Sauce schonend zubereitet mit ausgewählten Zutaten"}
{"url": "https://www.fressnapf.de/p/royal-canin-instinctive-adult-in-gelee-12x85-g-1100872/", "product_name": "ROYAL CANIN Instinctive Adult in Gelee 12x85 g", "brand": "ROYAL CANIN Nassfutter", "regular_price": 18.8, "selling_price": 15.49, "price_per_unit": 15.19, "breadcrumbs": "Katze > Katzenfutter > Nassfutter", "description": "Instinktive Präferenz der Katze Unterstützt die Harnwegsfunktion Unterstützt beim Erhalt des Idealgewichts"}
{"url": "https://www.fressnapf.de/p/royal-canin-senior-ageing-12-400-g-1002862020/", "product_name": "ROYAL CANIN Senior Ageing 12+ 400 g", "brand": "ROYAL CANIN Trockenfutter", "regular_price": 7.9, "selling_price": 6.29, "price_per_unit": 15.73, "breadcrumbs": "Katze > Katzenfutter > Trockenfutter", "description": "Regt den Appetit an Unterstützt gesundes Altern Unterstützt die Nierenfunktion"}
{"url": "https://www.fressnapf.de/p/miamor-feine-filets-in-jelly-mixpaket-12x185g-1336188/", "product_name": "Miamor Feine Filets in Jelly Mixpaket 12x185g", "brand": "Miamor Nassfutter", "regular_price": 22.68, "selling_price": 19.29, "price_per_unit": 8.69, "breadcrumbs": "Katze > Katzenfutter > Nassfutter", "description": "Mit hochwertigen Zutaten Helle Filetstückchen in delikatem Jelly Ohne Leber und Innereien"}
{"url": "https://www.fressnapf.de/p/real-nature-adult-lamm-mit-rind-und-disteloel-6x200-g-1380891/", "product_name": "REAL NATURE Adult Lamm mit Rind und Distelöl 6x200 g", "brand": "REAL NATURE Nassfutter", "regular_price": 0.0, "selling_price": 9.54, "price_per_unit": 0.0, "breadcrumbs": "Katze > Katzenfutter > Nassfutter", "description": "Naturnahe Ernährung Hochwertige Proteine Ohne Zusatz von künstlichen Konservierungs-, Farb- und Aromastoffen"}
{"url": "https://www.fressnapf.de/p/animonda-integra-protect-sensitive-16x100g-pute--kartoffel-1099190/", "product_name": "animonda Integra Protect Sensitive 16x100g Pute & Kartoffel", "brand": "animonda", "regular_price": 21.6, "selling_price": 18.99, "price_per_unit": 11.87, "breadcrumbs": "PLP > VET Diäten > Katze > Hypoallergen", "description": "Nur ein tierisches Protein Aufeinander abgestimmter Mineralstoffgehalt Glutenfrei"}
{"url": "https://www.fressnapf.de/p/premiere-cats-love-nature-deluxe-ragout-kitten-mix-12x100g-1302071/", "product_name": "PREMIERE cats love nature Deluxe Ragout Kitten Mix 12x100g", "brand": "PREMIERE Nassfutter", "regular_price": 0.0, "selling_price": 5.99, "price_per_unit": 0.0, "breadcrumbs": "Katze > Katzenfutter > Nassfutter", "description": "Mit funktionellen Zutaten, um das Wohlbefinden der Katze zu steigern Taurin kann zur Stärkung der Sehkraft beitragen und den Herzmuskel unterstützen ohne Zusatz von Zucker, künstlichen Farb- & Aromastoffen und Konservierungsmitteln"}
{"url": "https://www.fressnapf.de/p/sheba-selection-in-sauce-60x85g-1323028/", "product_name": "Sheba Selection in Sauce 60x85g", "brand": "Sheba Nassfutter", "regular_price": 37.99, "selling_price": 35.99, "price_per_unit": 7.06, "breadcrumbs": "Katze > Katzenfutter > Nassfutter", "description": "Ohne künstliche Farb-, Aroma- und Konservierungsstoffe Zarte Stückchen in köstlicher Sauce Schonend zubereitet mit ausgewählten Zutaten"}
{"url": "https://www.fressnapf.de/p/real-nature-kitten-huhn-mit-pute-und-lachsoel-6x400-g-1099776/", "product_name": "REAL NATURE Kitten Huhn mit Pute und Lachsöl 6x400 g", "brand": "REAL NATURE Nassfutter", "regular_price": 0.0, "selling_price": 13.74, "price_per_unit": 0.0, "breadcrumbs": "Katze > Katzenfutter > Nassfutter", "description": "Naturnahe Ernährung Hochwertige Proteine Ohne Zusatz von künstlichen Konservierungs-, Farb- und Aromastoffen"}
{"url": "https://www.fressnapf.de/p/animonda-vom-feinsten-adult-huehnerleber-32x100-g-1100301/", "product_name": "animonda Vom Feinsten Adult Hühnerleber 32x100 g", "brand": "animonda Nassfutter", "regular_price": 30.4, "selling_price": 20.99, "price_per_unit": 6.56, "breadcrumbs": "Katze > Katzenfutter > Nassfutter", "description": "fein-stückige Pasteten mit ausgewählten, fleischlichen Zutaten mit natürlichem Taurin"}
{"url": "https://www.fressnapf.de/p/sheba-classics-in-pastete-12x85g-1276725003/", "product_name": "Sheba Classics in Pastete 12x85g", "brand": "Sheba Nassfutter", "regular_price": 0.0, "selling_price": 6.99, "price_per_unit": 0.0, "breadcrumbs": "Katze > Katzenfutter > Nassfutter", "description": "ohne künstliche Farb-, Aroma- und Konservierungsstoffe Fleischhäppchen in einer Auswahl unwiderstehlicher & besonderer Pastete schonend zubereitet mit ausgewählten Zutaten"}
{"url": "https://www.fressnapf.de/p/multifit-naturelle-thunfisch-junior-4x50g-1264137/", "product_name": "MultiFit naturelle Thunfisch Junior 4x50g", "brand": "MultiFit Snacks", "regular_price": 0.0, "selling_price": 7.0, "price_per_unit": 0.0, "breadcrumbs": "Katze > Katzenfutter > Snacks", "description": "Nur 2% Fett Saftig leckerer Snack Gut verträglich"}
{"url": "https://www.fressnapf.de/p/premiere-royal-ragout-senior-16x100-g-1246730/", "product_name": "PREMIERE Royal Ragout Senior 16x100 g", "brand": "PREMIERE Nassfutter", "regular_price": 0.0, "selling_price": 9.44, "price_per_unit": 0.0, "breadcrumbs": "Katze > Katzenfutter > Nassfutter", "description": "ohne Zusatz von künstlichen Farbstoffen, Konservierungsmitteln, Soja und Zucker mit wertvollem Taurin ohne Zusatz von künstlichen Farbstoffen und Konservierungsmitteln"}
{"url": "https://www.fressnapf.de/p/miamor-trinkfein-vitaldrink-24x135ml-thunfisch-1307282/", "product_name": "Miamor Trinkfein Vitaldrink 24x135ml Thunfisch", "brand": "Miamor Snacks", "regular_price": 23.76, "selling_price": 19.99, "price_per_unit": 6.17, "breadcrumbs": "Katze > Katzenfutter > Snacks", "description": "motiviert zu höherer Flüssigkeitsaufnahme bei unzureichender Trinkfreude Besonders schmackhaft"}
{"url": "https://www.fressnapf.de/p/real-nature-wilderness-adult-6x400-g-mixpaket-2-1244468/", "product_name": "REAL NATURE Wilderness Adult 6x400 g Mixpaket 2", "brand": "REAL NATURE Nassfutter", "regular_price": 0.0, "selling_price": 19.14, "price_per_unit": 0.0, "breadcrumbs": "Katze > Katzenfutter > Nassfutter", "description": "Hoher Anteil wertvoller tierischer Proteine Getreidefreie Rezepturen Ohne Zusatz von Farbstoffen, Antioxidations- und Konservierungsmitteln"}
{"url": "https://www.fressnapf.de/p/real-nature-wilderness-kitten-multipack-4x100g-1243584002/", "product_name": "REAL NATURE WILDERNESS Kitten Multipack 4x100g", "brand": "REAL NATURE Nassfutter", "regular_price": 0.0, "selling_price": 5.79, "price_per_unit": 0.0, "breadcrumbs": "Katze > Katzenfutter > Nassfutter", "description": "Mit hohem Fleischanteil: mindestens 97% (inkl. Brühe) Getreidefreie Rezeptur ohne Zusatz von Farbstoffen, Antioxidations- und Konservierungsmitteln"}
{"url": "https://www.fressnapf.de/p/premiere-finest-jelly-adult-ente-22x85-g-1101203/", "product_name": "PREMIERE Finest Jelly Adult Ente 22x85 g", "brand": "PREMIERE Nassfutter", "regular_price": 0.0, "selling_price": 12.98, "price_per_unit": 0.0, "breadcrumbs": "Katze > Katzenfutter > Nassfutter", "description": "Ohne Zusatz von Soja, Zucker und künstlichen Farbstoffen Mit wertvollem Taurin Verschiedene Sorten"}
{"url": "https://www.fressnapf.de/p/real-nature-wilderness-rangers-forest-adult-300-g-1173937014/", "product_name": "REAL NATURE WILDERNESS Ranger's Forest Adult 300 g", "brand": "REAL NATURE Trockenfutter", "regular_price": 0.0, "selling_price": 4.99, "price_per_unit": 0.0, "breadcrumbs": "Katze > Katzenfutter > Trockenfutter", "description": "aus 70% hochwertigem Wildschwein, Ente, Kaninchen & Rothirsch, 30% Obst, Gemüse getreidefreie Rezeptur 100% natürlich - in den ausgewählten Rohstoffen"}
{"url": "https://www.fressnapf.de/p/royal-canin-dental-care-400-g-1002862002/", "product_name": "ROYAL CANIN Dental Care 400 g", "brand": "ROYAL CANIN Trockenfutter", "regular_price": 7.9, "selling_price": 6.29, "price_per_unit": 15.73, "breadcrumbs": "Katze > Katzenfutter > Trockenfutter", "description": "Enthält einen Zahnpflege-Aktivnährstoff, der die Bildung von Zahnbelag verringert Speziell entwickelte Kroketten mit einem besonderen Zahnbürsten-Effekt Nachweisbare Ergebnisse"}
{"url": "https://www.fressnapf.de/p/real-nature-wilderness-adult-6x200-g-mixpaket-1-1244501/", "product_name": "REAL NATURE Wilderness Adult 6x200 g Mixpaket 1", "brand": "REAL NATURE Nassfutter", "regular_price": 0.0, "selling_price": 13.14, "price_per_unit": 0.0, "breadcrumbs": "Katze > Katzenfutter > Nassfutter", "description": "Hoher Anteil wertvoller tierischer Proteine Getreidefreie Rezepturen Ohne Zusatz von Farbstoffen, Antioxidations- und Konservierungsmitteln"}
{"url": "https://www.fressnapf.de/p/multifit-snackpaste-leberwurst-3x75-g-1226319/", "product_name": "MultiFit Snackpaste Leberwurst 3x75 g", "brand": "MultiFit Snacks", "regular_price": 0.0, "selling_price": 5.97, "price_per_unit": 0.0, "breadcrumbs": "Katze > Katzenfutter > Snacks", "description": "Mit feiner Leber Ohne Zuckerzusatz In praktischer Tube"}
{"url": "https://www.fressnapf.de/p/royal-canin-regular-fit-32-400-g-1002862005/", "product_name": "ROYAL CANIN Regular Fit 32 400 g", "brand": "ROYAL CANIN Trockenfutter", "regular_price": 6.9, "selling_price": 5.49, "price_per_unit": 13.73, "breadcrumbs": "Katze > Katzenfutter > Trockenfutter", "description": "Bietet ein optimales Nährstoffprofil Erhält das Idealgewicht Trägt zur Reduzierung von Haarballenbildung bei"}
{"url": "https://www.fressnapf.de/p/purina-one-sensitive-huhn--karotten-4x85g-1085019/", "product_name": "Purina ONE Sensitive Huhn & Karotten 4x85g", "brand": "Purina ONE Nassfutter", "regular_price": 0.0, "selling_price": 3.29, "price_per_unit": 0.0, "breadcrumbs": "Katze > Katzenfutter > Nassfutter", "description": "Mit qualitativen hochwertigen Huhn als Proteinquelle und für den guten Geschmack Hohe Verdaulichkeit dank qualitativ hochwertiger Zutaten Ohne Farbstoffe oder Zusatz von künstlichen Aroma- und Konservierungsstoffen"}
{"url": "https://www.fressnapf.de/p/felix-so-gut-wie-es-aussieht-huhn-26x85-g-1321504/", "product_name": "Felix So gut wie es aussieht Huhn 26x85 g", "brand": "Felix Nassfutter", "regular_price": 0.0, "selling_price": 15.49, "price_per_unit": 0.0, "breadcrumbs": "Katze > Katzenfutter > Nassfutter", "description": "Hergestellt mit hochwertigen Zutaten 100% komplett & ausgewogen Mit Omega-6-Fettsäuren"}
{"url": "https://www.fressnapf.de/p/miamor-ragout-royale-in-cream-multimix-12x100g-1002694005/", "product_name": "Miamor Ragout Royale in Cream Multimix 12x100g", "brand": "Miamor Nassfutter", "regular_price": 6.49, "selling_price": 5.99, "price_per_unit": 4.99, "breadcrumbs": "Katze > Katzenfutter > Nassfutter", "description": "In 4 Geschmacksrichtungen Zubereitet im Vitamin-Schonverfahren Ohne Farb-und Konservierungsstoffe"}
{"url": "https://www.fressnapf.de/p/felix-countryside-sensations-rind--huhn-1-kg-1072705003/", "product_name": "Felix Countryside Sensations Rind & Huhn 1 kg", "brand": "Felix Trockenfutter", "regular_price": 0.0, "selling_price": 3.79, "price_per_unit": 0.0, "breadcrumbs": "Katze > Katzenfutter > Trockenfutter", "description": "100% komplett & ausgewogen Enthält die Vitamine A, D & E Ohne künstliche Farb-, Aroma- & Konservierungsstoffe"}
{"url": "https://www.fressnapf.de/p/royal-canin-kitten-400-g-1002862012/", "product_name": "ROYAL CANIN Kitten 400 g", "brand": "ROYAL CANIN Trockenfutter", "regular_price": 6.95, "selling_price": 6.69, "price_per_unit": 16.73, "breadcrumbs": "Katze > Katzenfutter > Trockenfutter", "description": "Hilft beim Aufbau der natürlichen Abwehrkräfte Fördert ein gesundes Wachstum Unterstützt eine gesunde Verdauung"}
{"url": "https://www.fressnapf.de/p/felix-knabbermix-8x60g-strandspass-1100581/", "product_name": "Felix KnabberMix 8x60g Strandspaß", "brand": "Felix Snacks", "regular_price": 0.0, "selling_price": 10.49, "price_per_unit": 0.0, "breadcrumbs": "Katze > Katzenfutter > Snacks", "description": "in sieben leckeren Sorten mit Proteinen, Vitaminen und Omega 6 Fettsäuren bunter Mix aus Snacks in vielen verschiedenen Formen"}
{"url": "https://www.fressnapf.de/p/select-gold-pure-adult-pat-gans-6x200-g-1323559/", "product_name": "SELECT GOLD Pure Adult Paté Gans 6x200 g", "brand": "SELECT GOLD Nassfutter", "regular_price": 0.0, "selling_price": 5.36, "price_per_unit": 0.0, "breadcrumbs": "Katze > Katzenfutter > Nassfutter", "description": "Hoher Anteil wertvoller tierischer Proteine Ohne Beigabe von pflanzlichen Kohlenhydratquellen Besonders geeignet bei Unverträglichkeiten"}
{"url": "https://www.fressnapf.de/p/premiere-dental-gefluegel-300-g-1002957013/", "product_name": "PREMIERE Dental Geflügel 300 g", "brand": "PREMIERE Trockenfutter", "regular_price": 0.0, "selling_price": 2.99, "price_per_unit": 0.0, "breadcrumbs": "Katze > Katzenfutter > Trockenfutter", "description": "hoher Geflügelanteil und reich an Frischfleisch speziell zur Zahnreinigung, Gebisspflege und Maulhygiene mit wertvollem Taurin"}
{"url": "https://www.fressnapf.de/p/royal-canin-veterinary-urinary-so-haeppchen-in-sosse-12x85g-1313169/", "product_name": "ROYAL CANIN Veterinary Urinary S/O Häppchen in Soße 12x85g", "brand": "ROYAL CANIN", "regular_price": 0.0, "selling_price": 16.49, "price_per_unit": 0.0, "breadcrumbs": "PLP > VET Diäten > Katze > Urinary", "description": "Auflösung von Struvit Niedriger RSS-Wert Harnverdünnung"}
{"url": "https://www.fressnapf.de/p/premiere-meat-menu-adult-6x100g-1245688002/", "product_name": "PREMIERE Meat Menu Adult 6x100g", "brand": "PREMIERE Nassfutter", "regular_price": 0.0, "selling_price": 4.49, "price_per_unit": 0.0, "breadcrumbs": "Katze > Katzenfutter > Nassfutter", "description": "100% Frischfleisch im Fleischanteil Getreidefreie Rezeptur Ohne Zusatz von Soja, Zucker und künstlichen Aromastoffen"}
{"url": "https://www.fressnapf.de/p/animonda-integra-protect-diabetes-16x100g-gefluegel-1099194/", "product_name": "animonda Integra Protect Diabetes 16x100g Geflügel", "brand": "animonda", "regular_price": 21.6, "selling_price": 18.99, "price_per_unit": 11.87, "breadcrumbs": "PLP > VET Diäten > Katze > Diabetes", "description": "Bei Diabetes mellitus Proteinreich Frei von Zucker und Getreide"}
{"url": "https://www.fressnapf.de/p/felix-tasty-shreds-10x80g-geschmacksvielfalt-vom-land-1342764/", "product_name": "Felix Tasty Shreds 10x80g Geschmacksvielfalt vom Land", "brand": "Felix Nassfutter", "regular_price": 0.0, "selling_price": 4.99, "price_per_unit": 0.0, "breadcrumbs": "Katze > Katzenfutter > Nassfutter", "description": "Feine Streifen in Sauce 100% komplett und ausgewogen Mit Vitamin D + E"}
{"url": "https://www.fressnapf.de/p/sheba-sauce-collection-sauce-lover-22x85-g-huhn-1295637/", "product_name": "Sheba Sauce Collection Sauce Lover 22x85 g Huhn", "brand": "Sheba Nassfutter", "regular_price": 0.0, "selling_price": 16.49, "price_per_unit": 0.0, "breadcrumbs": "Katze > Katzenfutter > Nassfutter", "description": "Katzennassfutter in herzhafter Sauce, hergestellt mit natürlichen und hochwertigen Zutaten Das hochwertige SHEBA® Katzennassfutter für ausgewachsene Katzen bietet deiner Samtpfote täglich eine komplette und ausgewogene Ernährung Huhn mit extra Sauce"}
{"url": "https://www.fressnapf.de/p/real-nature-classic-kittenpaket-6x400g-1244492/", "product_name": "REAL NATURE Classic Kittenpaket 6x400g", "brand": "REAL NATURE Nassfutter", "regular_price": 0.0, "selling_price": 13.74, "price_per_unit": 0.0, "breadcrumbs": "Katze > Katzenfutter > Nassfutter", "description": "kein Tier- und Knochenmehl keine Zusatzstoffe wie Zucker, Farbstoffe, Aromastoffe ohne Konservierungsmittel"}
{"url": "https://www.fressnapf.de/p/animonda-carny-cat-drink-probierpaket-8x140-ml-1364822/", "product_name": "animonda Carny Cat Drink Probierpaket 8x140 ml", "brand": "animonda Katzenmilch & Getränke", "regular_price": 9.52, "selling_price": 7.6, "price_per_unit": 6.79, "breadcrumbs": "Katze > Katzenfutter > Katzenmilch & Getränke", "description": "Katzengetränk mit feinsten Fleischstreifen Animiert Katzen mehr zu trinken Frei von Getreide, Milch und Soja"}
{"url": "https://www.fressnapf.de/p/mjamjam-pur-mixpaket-6x200g-1297581/", "product_name": "MjAMjAM Pur Mixpaket 6x200g", "brand": "MjAMjAM Nassfutter", "regular_price": 11.54, "selling_price": 11.19, "price_per_unit": 9.33, "breadcrumbs": "Katze > Katzenfutter > Nassfutter", "description": "Purer Fleischgenuss Getreidefrei und naturbelassen Ohne Zusatz von Soja, Zucker und künstlichen Aroma- und Lockstoffen"}
{"url": "https://www.fressnapf.de/p/royal-canin-hairball-care-400-g-1002862003/", "product_name": "ROYAL CANIN Hairball Care 400 g", "brand": "ROYAL CANIN Trockenfutter", "regular_price": 7.9, "selling_price": 6.29, "price_per_unit": 15.73, "breadcrumbs": "Katze > Katzenfutter > Trockenfutter", "description": "Eine ausgewogene Nährstoffformel zur Reduzierung der Haarballenbildung Enthält natürliche Ballaststoffe, die die Darmtätigkeit anregen Nachweisbare Ergebnisse"}
{"url": "https://www.fressnapf.de/p/royal-canin-kitten-in-gelee-12x85-g-1100903/", "product_name": "ROYAL CANIN Kitten in Gelee 12x85 g", "brand": "ROYAL CANIN Nassfutter", "regular_price": 21.6, "selling_price": 15.11, "price_per_unit": 14.81, "breadcrumbs": "Katze > Katzenfutter > Nassfutter", "description": "Instinktive Präferenz Einfaches Kauen Unterstützt die natürlichen Abwehrkräfte"}
{"url": "https://www.fressnapf.de/p/gourmet--la-carte-26x85g-hochseefisch-an-reis-gemuesekomposition-1099233/", "product_name": "GOURMET à la Carte 26x85g Hochseefisch an Reis-Gemüsekomposition", "brand": "GOURMET Nassfutter", "regular_price": 20.54, "selling_price": 18.49, "price_per_unit": 8.37, "breadcrumbs": "Katze > Katzenfutter > Nassfutter", "description": "Rezepte des Küchenchefs Delikate Häppchen mit Fisch oder Fleisch Hervorragender Geschmack"}
{"url": "https://www.fressnapf.de/p/fitfun-ragout-multipack-92x100g-4-leckere-sorten-1350120/", "product_name": "FIT+FUN Ragout Multipack 92x100g 4 leckere Sorten", "brand": "FIT+FUN Nassfutter", "regular_price": 0.0, "selling_price": 20.99, "price_per_unit": 0.0, "breadcrumbs": "Katze > Katzenfutter > Nassfutter", "description": "Leckere Stückchen in Soße Im praktischen Portionsbeutel Ohne Zusatz von Zucker, Farbstoffen und Konservierungsmitteln"}
{"url": "https://www.fressnapf.de/p/royal-canin-home-life-indoor-27-400-g-1002862007/", "product_name": "ROYAL CANIN Home Life Indoor 27 400 g", "brand": "ROYAL CANIN Trockenfutter", "regular_price": 6.9, "selling_price": 5.99, "price_per_unit": 14.98, "breadcrumbs": "Katze > Katzenfutter > Trockenfutter", "description": "Reduziert den Stuhlgeruch Dank moderatem Kaloriengehalt perfekt geeignet für Katzen, die nur im Haus leben Trägt zur Reduzierung von Haarballenbildung bei"}
{"url": "https://www.fressnapf.de/p/beaphar-nierendiaet-mix-pack-6x100g-1050099/", "product_name": "Beaphar Nierendiät Mix-Pack 6x100g", "brand": "Beaphar", "regular_price": 0.0, "selling_price": 5.99, "price_per_unit": 0.0, "breadcrumbs": "PLP > VET Diäten > Katze > Nierendiät", "description": "Schonkost bei Nierenproblemen Reduzierter Phosphorgehalt Mit wertvollem Lachsöl"}
{"url": "https://www.fressnapf.de/p/gourmet-gold-raffiniertes-ragout-katzennassfutter-sorten-mix-96x85g-1364329/", "product_name": "GOURMET Gold Raffiniertes Ragout Katzennassfutter Sorten-Mix 96x85g", "brand": "GOURMET Nassfutter", "regular_price": 53.99, "selling_price": 47.99, "price_per_unit": 5.88, "breadcrumbs": "Katze > Katzenfutter > Nassfutter", "description": "Qualitativ hochwertige Zutaten vereint in einem Ragout Für mehr Abwechslung: In den Sorten Rind, Huhn, Lachs und Thunfisch Ohne Zusatz künstlicher Geschmacks- oder Farbstoffe"}
{"url": "https://www.fressnapf.de/p/royal-canin-outdoor-400-g-1002862010/", "product_name": "ROYAL CANIN Outdoor 400 g", "brand": "ROYAL CANIN Trockenfutter", "regular_price": 6.9, "selling_price": 6.79, "price_per_unit": 16.97, "breadcrumbs": "Katze > Katzenfutter > Trockenfutter", "description": "Perfekt geeignet für aktive Katzen Unterstützt die Barrierefunktion der Haut Unterstützt die Gelenke und Beweglichkeit"}
{"url": "https://www.fressnapf.de/p/fitfun-senior-pat-gefluegel-16x100-g-1295632/", "product_name": "FIT+FUN Senior Paté Geflügel 16x100 g", "brand": "FIT+FUN Nassfutter", "regular_price": 0.0, "selling_price": 4.8, "price_per_unit": 0.0, "breadcrumbs": "Katze > Katzenfutter > Nassfutter", "description": "optimal auf Katzensenioren abgestimmt leckeres Paté mit Inulin"}
{"url": "https://www.fressnapf.de/p/multifit-naturelle-huehnermagen-junior-4x40g-1230865/", "product_name": "MultiFit naturelle Hühnermagen Junior 4x40g", "brand": "MultiFit Snacks", "regular_price": 0.0, "selling_price": 7.0, "price_per_unit": 0.0, "breadcrumbs": "Katze > Katzenfutter > Snacks", "description": "saftig leckerer Snack, gut verträglich für Katzen ab 6 Wochen wiederverschließbar"}
{"url": "https://www.fressnapf.de/p/sheba-selection-in-sauce-22x85-g-rind--truthahn-1269852/", "product_name": "Sheba Selection in Sauce 22x85 g Rind & Truthahn", "brand": "Sheba Nassfutter", "regular_price": 0.0, "selling_price": 16.49, "price_per_unit": 0.0, "breadcrumbs": "Katze > Katzenfutter > Nassfutter", "description": "Katzennassfutter in Sauce, hergestellt mit natürlichen und hochwertigen Zutaten Das hochwertige SHEBA® Katzennassfutter für ausgewachsene Katzen bietet deiner Samtpfote täglich eine komplette und ausgewogene Ernährung Ohne künstliche Farb- oder Konservierungsstoffe"}
{"url": "https://www.fressnapf.de/p/multifit-adult-sauce-fish-mix-multipack-12x100g-1316438/", "product_name": "MultiFit Adult Sauce Fish Mix Multipack 12x100g", "brand": "MultiFit Nassfutter", "regular_price": 0.0, "selling_price": 3.99, "price_per_unit": 0.0, "breadcrumbs": "Katze > Katzenfutter > Nassfutter", "description": "Mit Taurin zur Unterstützung der Herz- und Sehfunktion Für ein glänzendes Fell und eine schöne Haut Für eine gute Verdauung"}
{"url": "https://www.fressnapf.de/p/gimcat-hydro-gras-150g-1002575002/", "product_name": "GimCat Hydro Gras 150g", "brand": "GimCat Ergänzungsfutter & Aufzucht", "regular_price": 0.0, "selling_price": 2.29, "price_per_unit": 0.0, "breadcrumbs": "Katze > Katzenfutter > Ergänzungsfutter & Aufzucht", "description": "Einfache und schnelle Aufzucht: Nur 1 x gießen - fertig! Unterstützt das Wohlbefinden Ihrer Katze Hergestellt in Deutschland"}
{"url": "https://www.fressnapf.de/p/select-gold-senior-12-huhn--lachs-12x85-g-1099219/", "product_name": "SELECT GOLD Senior +12 Huhn & Lachs 12x85 g", "brand": "SELECT GOLD Nassfutter", "regular_price": 0.0, "selling_price": 15.48, "price_per_unit": 0.0, "breadcrumbs": "Katze > Katzenfutter > Nassfutter", "description": "Besonders geeignet für ältere Katzen ab dem ca. 12. Lebensjahr Die Rezeptur enthält Glucosamin und Chondroitin (Bausteine für Knorpel und Gelenke) aus Grünlippmuschelextrakt Anti-Zellalterung durch antioxidative Omega-3-Fettsäuren"}
{"url": "https://www.fressnapf.de/p/select-gold-senior-digestion-7-12x85-g-1099359/", "product_name": "SELECT GOLD Senior Digestion +7 12x85 g", "brand": "SELECT GOLD Nassfutter", "regular_price": 0.0, "selling_price": 15.48, "price_per_unit": 0.0, "breadcrumbs": "Katze > Katzenfutter > Nassfutter", "description": "Besonders geeignet für ältere Katzen mit sensibler Verdauung Optimale Verdauungstätigkeit durch spezielle Pflanzenfasern und Ballaststoffe Entlastung der Nieren durch abgesenkten Phosphor- und Natriumgehalt"}
{"url": "https://www.fressnapf.de/p/premiere-probierpaket-3x300g-1267100/", "product_name": "PREMIERE Probierpaket 3x300g", "brand": "PREMIERE Trockenfutter", "regular_price": 0.0, "selling_price": 8.57, "price_per_unit": 0.0, "breadcrumbs": "Katze > Katzenfutter > Trockenfutter", "description": "hoher Anteil tierischer Proteine mit 14% frischem Geflügel mit wertvollen Inhaltsstoffen"}
{"url": "https://www.fressnapf.de/p/royal-canin-sterilised-37-400-g-1002862019/", "product_name": "ROYAL CANIN Sterilised 37 400 g", "brand": "ROYAL CANIN Trockenfutter", "regular_price": 6.9, "selling_price": 5.29, "price_per_unit": 13.23, "breadcrumbs": "Katze > Katzenfutter > Trockenfutter", "description": "Trägt zum Erhalt des idealen Körpergewichts bei Unterstützt die Harnwegsfunktion Hilft dank eines hohen Proteingehalts die Muskelmasse zu erhalten"}
{"url": "https://www.fressnapf.de/p/kattovit-feline-diabetes-400-g-1173302/", "product_name": "KATTOVIT Feline Diabetes 400 g", "brand": "KATTOVIT", "regular_price": 3.79, "selling_price": 3.49, "price_per_unit": 8.73, "breadcrumbs": "PLP > VET Diäten > Katze > Diabetes", "description": "Zur Regulierung der Glucoseversorgung (Diabetes mellitus) Niedriger Kohlenhydratgehalt Angereichert mit L-Carnitin"}
{"url": "https://www.fressnapf.de/p/royal-canin-hair--skin-care-2-kg-1003120010/", "product_name": "ROYAL CANIN Hair & Skin Care 2 kg", "brand": "ROYAL CANIN Trockenfutter", "regular_price": 30.9, "selling_price": 26.99, "price_per_unit": 13.5, "breadcrumbs": "Katze > Katzenfutter > Trockenfutter", "description": "Hilft bei der Unterstützung einer gesunden Haut Hilft, ein glänzendes Fell zu unterstützen Nachweisbare Ergebnisse"}
{"url": "https://www.fressnapf.de/p/real-nature-original-adult-mixpaket-6x200-g-1324490/", "product_name": "REAL NATURE Original Adult Mixpaket 6x200 g", "brand": "REAL NATURE Nassfutter", "regular_price": 0.0, "selling_price": 8.34, "price_per_unit": 0.0, "breadcrumbs": "Katze > Katzenfutter > Nassfutter", "description": "Naturnahe Ernährung Hochwertige Proteine Ohne Zusatz von künstlichen Konservierungs-, Farb- und Aromastoffen"}
{"url": "https://www.fressnapf.de/p/animonda-vom-feinsten-baby-pat-32-x-100g-1099746/", "product_name": "animonda Vom Feinsten Baby Paté 32 x 100g", "brand": "animonda Nassfutter", "regular_price": 30.4, "selling_price": 22.08, "price_per_unit": 6.9, "breadcrumbs": "Katze > Katzenfutter > Nassfutter", "description": "Fleisch pur Hoher Energiegehalt Frei von künstlichen Farb- und Konservierungsstoffen, getreidefreie Rezeptur"}
{"url": "https://www.fressnapf.de/p/premiere-grainfree-fasan-300-g-1002957015/", "product_name": "PREMIERE Grainfree Fasan 300 g", "brand": "PREMIERE Trockenfutter", "regular_price": 0.0, "selling_price": 2.99, "price_per_unit": 0.0, "breadcrumbs": "Katze > Katzenfutter > Trockenfutter", "description": "Hoher Anteil an tierischem Protein Mit 14% frischem Fasan Getreidefreie Rezeptur - ideal für ernährungssensible Katzen"}
{"url": "https://www.fressnapf.de/p/moments-adult-huhn--thunfisch-6x140-g-1334950/", "product_name": "MOMENTS Adult Huhn & Thunfisch 6x140 g", "brand": "MOMENTS Nassfutter", "regular_price": 0.0, "selling_price": 10.44, "price_per_unit": 0.0, "breadcrumbs": "Katze > Katzenfutter > Nassfutter", "description": "Naturprodukt aus reinem Fleisch- oder Fisch-Filet Schonend gegart im eigenen Saft Ohne Zusatzstoffe"}
{"url": "https://www.fressnapf.de/p/purina-one-adult-26x85g-mit-rind-und-karotten-1099276/", "product_name": "Purina ONE Adult 26x85g mit Rind und Karotten", "brand": "Purina ONE Nassfutter", "regular_price": 0.0, "selling_price": 21.99, "price_per_unit": 0.0, "breadcrumbs": "Katze > Katzenfutter > Nassfutter", "description": "Mit zarten Stückchen als Proteinquelle und für den guten Geschmack Mit Ballaststoffen zur Förderung eines gesunden Verdauungssystem Ohne Farbstoffe oder Zusatz von künstlichen Aroma- und Konservierungsstoffen"}
{"url": "https://www.fressnapf.de/p/multifit-schale-senior-jelly-huhn-16x100-g-1100583/", "product_name": "MultiFit Schale Senior Jelly Huhn 16x100 g", "brand": "MultiFit Nassfutter", "regular_price": 0.0, "selling_price": 7.84, "price_per_unit": 0.0, "breadcrumbs": "Katze > Katzenfutter > Nassfutter", "description": "Leckeres Huhn in Jelly Mit Vitamin E für den Zellschutz Mit Biotin für gesunde Haut und glänzendes Fell"}
{"url": "https://www.fressnapf.de/p/mjamjam-6x800g-saftiges-schwein-an-leckeren-moehrchen-1484372/", "product_name": "MjAMjAM 6x800g saftiges Schwein an leckeren Möhrchen", "brand": "MjAMjAM Nassfutter", "regular_price": 26.94, "selling_price": 21.49, "price_per_unit": 4.48, "breadcrumbs": "Katze > Katzenfutter > Nassfutter", "description": "Extra hoher Fleischanteil Getreidefrei und naturbelassen Ohne Zusatz von Soja, Zucker und künstlichen Aroma- und Lockstoffen"}
{"url": "https://www.fressnapf.de/p/purina-one-indoor-formula-mit-thunfisch--gruenen-bohnen-26x85g-1099273/", "product_name": "Purina ONE Indoor Formula mit Thunfisch & grünen Bohnen 26x85g", "brand": "Purina ONE Nassfutter", "regular_price": 0.0, "selling_price": 21.99, "price_per_unit": 0.0, "breadcrumbs": "Katze > Katzenfutter > Nassfutter", "description": "Mit qualitativ hochwertigem Thunfisch als Proteinquelle und für den guten Geschmack Minimiert die Haarballenbildung Hilft die Harnwege gesund zu erhalten"}
{"url": "https://www.fressnapf.de/p/sheba-delikatesse-in-gelee-22x85g-huhn-1269861/", "product_name": "Sheba Delikatesse in Gelee 22x85g Huhn", "brand": "Sheba Nassfutter", "regular_price": 0.0, "selling_price": 16.49, "price_per_unit": 0.0, "breadcrumbs": "Katze > Katzenfutter > Nassfutter", "description": "ohne künstliche Farb-, Aroma- und Konservierungsstoffe feine Stückchen in saftigem Gelee schonend zubereitet mit ausgewählten Zutaten"}
{"url": "https://www.fressnapf.de/p/miamor-cat-snack-multi-vitamin-cream-11x6x15g-1100727/", "product_name": "Miamor Cat Snack Multi-Vitamin Cream 11x6x15g", "brand": "Miamor Snacks", "regular_price": 21.89, "selling_price": 17.79, "price_per_unit": 17.97, "breadcrumbs": "Katze > Katzenfutter > Snacks", "description": "auf die Bedürfnisse von Katzen abgestimmt liefert viele wichtige Nährstoffe ohne Zucker, Farb- und Konservierungsstoffe"}
{"url": "https://www.fressnapf.de/p/whiskas-adult-1-terrine-12x400g-gefluegel-1099398/", "product_name": "Whiskas Adult 1+ Terrine 12x400g Geflügel", "brand": "Whiskas Nassfutter", "regular_price": 0.0, "selling_price": 18.99, "price_per_unit": 0.0, "breadcrumbs": "Katze > Katzenfutter > Nassfutter", "description": "Entwickelt, um zur Unterstützung der Gesunderhaltung der Harnwege beizutragen Mit Zink, das zur Haut - und Fellgesundheit beiträgt Ohne künstliche Aroma-, Farb- oder Konservierungsstoffe"}
{"url": "https://www.fressnapf.de/p/miamor-ragout-royale-kitten-12x100g-1002694004/", "product_name": "Miamor Ragout Royale Kitten 12x100g", "brand": "Miamor Nassfutter", "regular_price": 0.0, "selling_price": 5.99, "price_per_unit": 0.0, "breadcrumbs": "Katze > Katzenfutter > Nassfutter", "description": "Alleinfuttermittel für heranwachsende Katzen 100g-Frischebeutel - immer frisch serviert 2 Sorten im Vorteilspack für mehr Abwechslung"}
{"url": "https://www.fressnapf.de/p/royal-canin-care-hairball-adult-in-sosse-12x85-g-1229818/", "product_name": "ROYAL CANIN Care Hairball Adult in Soße 12x85 g", "brand": "ROYAL CANIN Nassfutter", "regular_price": 21.9, "selling_price": 16.79, "price_per_unit": 16.46, "breadcrumbs": "Katze > Katzenfutter > Nassfutter", "description": "Eine ausgewogene Nährstoffformel zur Verringerung der Bildung von Haarballen Entwickelt, um die Darmtätigkeit zu stimulieren Nachweisbare Ergebnisse"}
{"url": "https://www.fressnapf.de/p/multifit-adult-pat-duo-classic-mix-multipack-12x100g-1316433/", "product_name": "MultiFit Adult Paté Duo Classic Mix Multipack 12x100g", "brand": "MultiFit Nassfutter", "regular_price": 0.0, "selling_price": 3.99, "price_per_unit": 0.0, "breadcrumbs": "Katze > Katzenfutter > Nassfutter", "description": "Mit Taurin zur Unterstützung der Herz- und Sehfunktion Für ein glänzendes Fell und eine schöne Haut Für eine gute Verdauung"}
{"url": "https://www.fressnapf.de/p/real-nature-kitten-huhn-mit-pute-und-lachsoel-6x200-g-1099930/", "product_name": "REAL NATURE Kitten Huhn mit Pute und Lachsöl 6x200 g", "brand": "REAL NATURE Nassfutter", "regular_price": 0.0, "selling_price": 9.54, "price_per_unit": 0.0, "breadcrumbs": "Katze > Katzenfutter > Nassfutter", "description": "Naturnahe Ernährung Hochwertige Proteine Ohne Zusatz von künstlichen Konservierungs-, Farb- und Aromastoffen"}
{"url": "https://www.fressnapf.de/p/select-gold-senior-acceptance-7-12x85-g-1099364/", "product_name": "SELECT GOLD Senior Acceptance +7 12x85 g", "brand": "SELECT GOLD Nassfutter", "regular_price": 0.0, "selling_price": 15.48, "price_per_unit": 0.0, "breadcrumbs": "Katze > Katzenfutter > Nassfutter", "description": "Besonders geeignet für ältere, wählerische Katzen ab dem 7. Lebensjahr Der erhöhte Anteil schmackhafter Leber kann die Akzeptanz des Futters fördern Entlastung der Nieren durch abgesenkten Phosphor- und Natriumgehalt"}
{"url": "https://www.fressnapf.de/p/sheba-classics-in-pastete-22x85g-mit-ente--huhn-1269850/", "product_name": "Sheba Classics in Pastete 22x85g mit Ente & Huhn", "brand": "Sheba Nassfutter", "regular_price": 0.0, "selling_price": 15.49, "price_per_unit": 0.0, "breadcrumbs": "Katze > Katzenfutter > Nassfutter", "description": "ohne künstliche Farb-, Aroma- und Konservierungsstoffe traditionelle Rezepte in Pastete schonend zubereitet mit ausgewählten Zutaten"}
{"url": "https://www.fressnapf.de/p/mjamjam-12x125g-huhn--moehrchen-1366093/", "product_name": "MjAMjAM 12x125g Huhn & Möhrchen", "brand": "MjAMjAM Nassfutter", "regular_price": 19.08, "selling_price": 12.49, "price_per_unit": 10.66, "breadcrumbs": "Katze > Katzenfutter > Nassfutter", "description": "Extra hoher Fleischanteil Getreidefrei und naturbelassen Ohne Zusatz von Soja, Zucker und künstlichen Aroma- und Lockstoffen"}
{"url": "https://www.fressnapf.de/p/multifit-senior-jelly-fish--classic-mix-multipack-12x100-g-1316439/", "product_name": "MultiFit Senior Jelly Fish & Classic Mix Multipack 12x100 g", "brand": "MultiFit Nassfutter", "regular_price": 0.0, "selling_price": 3.99, "price_per_unit": 0.0, "breadcrumbs": "Katze > Katzenfutter > Nassfutter", "description": "Speziell für ältere Katzen entwickelt, zur Unterstützung ihrer Ernährungsbedürfnisse Schmackhafte Futterstückchen in feinem Gelee für den verwöhnten Gaumen Vielfalt im Napf durch vier verschiedene Geschmackserlebnisse Ente, Truthahn, Rind und Kabeljau"}
{"url": "https://www.fressnapf.de/p/kittys-cuisine-adult-rindliebe---mit-herzhaftem-rindfleisch-granatapfel--acai-beeren-300-g-1238424001/", "product_name": "Kitty's Cuisine Adult Rindliebe - Mit herzhaftem Rindfleisch, Granatapfel & Acai-Beeren 300 g", "brand": "Kitty's Cuisine Trockenfutter", "regular_price": 0.0, "selling_price": 3.35, "price_per_unit": 0.0, "breadcrumbs": "Katze > Katzenfutter > Trockenfutter", "description": "Mind. 66% tierische Rohstoffe Mit mind. 25% Frischfleischanteil Mit besonderen Zutaten"}
{"url": "https://www.fressnapf.de/p/bozita-haeppchen-in-sosse-6x370g-lachs-1100626/", "product_name": "BOZITA Häppchen in Soße 6x370g Lachs", "brand": "BOZITA Nassfutter", "regular_price": 0.0, "selling_price": 8.99, "price_per_unit": 0.0, "breadcrumbs": "Katze > Katzenfutter > Nassfutter", "description": "Ohne Soja, Getreide und Konservierungsstoffe Fettarm - nur 5 % Fett Aus qualitativ hochwertigen schwedischen Rohstoffen"}
{"url": "https://www.fressnapf.de/p/royal-canin-british-shorthair-kitten-400-g-1110002/", "product_name": "ROYAL CANIN British Shorthair Kitten 400 g", "brand": "ROYAL CANIN Trockenfutter", "regular_price": 8.9, "selling_price": 7.99, "price_per_unit": 19.97, "breadcrumbs": "Katze > Katzenfutter > Trockenfutter", "description": "Fördert harmonisches Wachstum von Muskeln und Knochen Unterstützt eine gesunde Verdauung Hilft beim Aufbau der natürlichen Abwehrkräfte"}
{"url": "https://www.fressnapf.de/p/royal-canin-veterinary-gastrointestinal-in-sosse-12x85-g-1335041/", "product_name": "ROYAL CANIN Veterinary Gastrointestinal, in Soße 12x85 g", "brand": "ROYAL CANIN", "regular_price": 0.0, "selling_price": 16.79, "price_per_unit": 0.0, "breadcrumbs": "PLP > VET Diäten > Katze > Schonkost", "description": "Unterstützt die Verdauung Hoher Energiegehalt Hohe Schmackhaftigkeit"}
{"url": "https://www.fressnapf.de/p/gimcat-multi-vitamin-katzenpaste-100-g-1003113003/", "product_name": "GimCat Multi-Vitamin Katzenpaste 100 g", "brand": "GimCat Ergänzungsfutter & Aufzucht", "regular_price": 0.0, "selling_price": 6.99, "price_per_unit": 0.0, "breadcrumbs": "Katze > Katzenfutter > Ergänzungsfutter & Aufzucht", "description": "ideal für Zucht- und Ausstellungskatzen stärkt das Immunsystem und die Abwehrkräfte enthält 12 lebenswichtige Vitamine"}
{"url": "https://www.fressnapf.de/p/multifit-junior-jelly-fish--classic-mix-multipack-12x100-g-1316431/", "product_name": "MultiFit Junior Jelly Fish & Classic Mix Multipack 12x100 g", "brand": "MultiFit Nassfutter", "regular_price": 0.0, "selling_price": 3.99, "price_per_unit": 0.0, "breadcrumbs": "Katze > Katzenfutter > Nassfutter", "description": "Mit extra Calcium für Wachstumsphasen Frei von Zuckerzusätzen, Farbstoffen und Konservierungsmitteln Für glänzendes Fell und eine schöne Haut"}
{"url": "https://www.fressnapf.de/p/royal-canin-savour-exigent-400-g-1002862009/", "product_name": "ROYAL CANIN Savour Exigent 400 g", "brand": "ROYAL CANIN Trockenfutter", "regular_price": 6.9, "selling_price": 5.99, "price_per_unit": 14.98, "breadcrumbs": "Katze > Katzenfutter > Trockenfutter", "description": "Doppeltes Geschmackserlebnis – perfekt geeignet für anspruchsvolle Katzen Hilft beim Erhalt des Idealgewichts Optimal abgestimmt auf die individuelle Präferenz wählerischer Katzen"}
{"url": "https://www.fressnapf.de/p/premiere-indoor-300-g-1002957006/", "product_name": "PREMIERE Indoor 300 g", "brand": "PREMIERE Trockenfutter", "regular_price": 0.0, "selling_price": 2.99, "price_per_unit": 0.0, "breadcrumbs": "Katze > Katzenfutter > Trockenfutter", "description": "mit 14% Frischfleisch speziell für Wohnungskatzen: kann die Haarballenbildung mindern ohne Zusatz von Soja, künstlichen Konservierungsmitteln und Farbstoffen"}
{"url": "https://www.fressnapf.de/p/mjamjam-kitten-saftiges-huehnchen-mit-lachsoel-6x200g-1366099/", "product_name": "MjAMjAM Kitten saftiges Hühnchen mit Lachsöl 6x200g", "brand": "MjAMjAM Nassfutter", "regular_price": 11.34, "selling_price": 10.49, "price_per_unit": 8.74, "breadcrumbs": "Katze > Katzenfutter > Nassfutter", "description": "Extra hoher Fleischanteil Getreidefrei und naturbelassen Ohne Zusatz von Soja, Zucker und künstlichen Aroma- und Lockstoffen"}
{"url": "https://www.fressnapf.de/p/multifit-adult-jelly-duo-fish--classic-mix-multipack-12x100-g-1315765/", "product_name": "MultiFit Adult Jelly Duo Fish & Classic Mix Multipack 12x100 g", "brand": "MultiFit Nassfutter", "regular_price": 0.0, "selling_price": 3.99, "price_per_unit": 0.0, "breadcrumbs": "Katze > Katzenfutter > Nassfutter", "description": "Mit Taurin zur Unterstützung der Herz- und Sehfunktion Ohne Zuckerzusatz, Farbstoffe und Konservierungsmittel Für ein glänzendes Fell und eine schöne Haut"}
{"url": "https://www.fressnapf.de/p/animonda-vom-feinsten-adult-mit-schlemmerkern-32x100g-rind-huehnchenbrust--kraeuter-1237076/", "product_name": "animonda Vom Feinsten Adult mit Schlemmerkern 32x100g Rind, Hühnchenbrust & Kräuter", "brand": "animonda Nassfutter", "regular_price": 30.4, "selling_price": 22.08, "price_per_unit": 6.9, "breadcrumbs": "Katze > Katzenfutter > Nassfutter", "description": "ohne Zucker Frei von künstlichen Farb- und Konservierungsstoffen ohne Geschmacksverstärker und Soja"}
{"url": "https://www.fressnapf.de/p/multifit-its-me-urinary-huhn-24x85-g-1277544/", "product_name": "MultiFit It's Me Urinary Huhn 24x85 g", "brand": "MultiFit Nassfutter", "regular_price": 0.0, "selling_price": 18.96, "price_per_unit": 0.0, "breadcrumbs": "Katze > Katzenfutter > Nassfutter", "description": "Typgerechtes Alleinfuttermittel für ausgewachsene Katzen mit sensiblen Nieren und empfindlicher Blase Zur Unterstützung der Funktionsfähigkeit der Harnwege Ohne Zusatz von Zucker, künstlichen Farbstoffen und Konservierungsmitteln"}
{"url": "https://www.fressnapf.de/p/catz-finefood-nassfutter-katze-classic-adult-6x400-g-multipack-1-1219247001/", "product_name": "Catz finefood Nassfutter Katze Classic Adult 6x400 g Multipack 1", "brand": "Catz finefood Nassfutter", "regular_price": 0.0, "selling_price": 15.99, "price_per_unit": 0.0, "breadcrumbs": "Katze > Katzenfutter > Nassfutter", "description": "100% offen deklariert zuckerfrei mit getreidefreier Rezeptur, sehr viel Fleisch"}
{"url": "https://www.fressnapf.de/p/multifit-anti-hairball-7x60g-1101253/", "product_name": "MultiFit Anti-Hairball 7x60g", "brand": "MultiFit Snacks", "regular_price": 0.0, "selling_price": 9.03, "price_per_unit": 0.0, "breadcrumbs": "Katze > Katzenfutter > Snacks", "description": "ohne Zusatz von Zucker außen knusprig innen cremig"}
{"url": "https://www.fressnapf.de/p/multifit-snack-cream-11x7x15g-lachs-inulin-1127814/", "product_name": "MultiFit Snack Cream 11x7x15g Lachs & Inulin", "brand": "MultiFit Snacks", "regular_price": 0.0, "selling_price": 13.09, "price_per_unit": 0.0, "breadcrumbs": "Katze > Katzenfutter > Snacks", "description": "hohe Akzeptanz feiner Schleck-Snack kalorienarm"}
{"url": "https://www.fressnapf.de/p/animonda-integra-protect-niere-16x100g-schwein-1099187/", "product_name": "animonda Integra Protect Niere 16x100g Schwein", "brand": "animonda", "regular_price": 21.6, "selling_price": 18.99, "price_per_unit": 11.87, "breadcrumbs": "PLP > VET Diäten > Katze > Nierendiät", "description": "Multifunktional: chronische Niereninsuffizienz & Futtermittelallergie Phosphorreduziert Eiweißreduziert"}
{"url": "https://www.fressnapf.de/p/bozita-haeppchen-in-gelee-6x370g-ente-1100640/", "product_name": "BOZITA Häppchen in Gelee 6x370g Ente", "brand": "BOZITA Nassfutter", "regular_price": 0.0, "selling_price": 8.99, "price_per_unit": 0.0, "breadcrumbs": "Katze > Katzenfutter > Nassfutter", "description": "Ohne Soja, Getreide und Konservierungsstoffe Fettarm - nur 4 % Fett Aus qualitativ hochwertigen schwedischen Rohstoffen"}
{"url": "https://www.fressnapf.de/p/gimcat-kaese-biotin-katzenpaste-100g-1003113001/", "product_name": "GimCat Käse Biotin Katzenpaste 100g", "brand": "GimCat Ergänzungsfutter & Aufzucht", "regular_price": 0.0, "selling_price": 6.99, "price_per_unit": 0.0, "breadcrumbs": "Katze > Katzenfutter > Ergänzungsfutter & Aufzucht", "description": "Naturprodukt aus reiner Tierhaut"}
{"url": "https://www.fressnapf.de/p/multifit-schale-adult-ragout-huhn-16x100-g-1100549/", "product_name": "MultiFit Schale Adult Ragout Huhn 16x100 g", "brand": "MultiFit Nassfutter", "regular_price": 0.0, "selling_price": 7.84, "price_per_unit": 0.0, "breadcrumbs": "Katze > Katzenfutter > Nassfutter", "description": "Mit Vitamin E für den Zellschutz Mit Biotin für gesunde Haut und glänzendes Fell In zwei leckeren Geschmacksrichtungen: Hühner oder Rinder Ragout in Soße"}
{"url": "https://www.fressnapf.de/p/multifit-junior-sauce-chicken-mix-multipack-12x100-g-1315774/", "product_name": "MultiFit Junior Sauce Chicken Mix Multipack 12x100 g", "brand": "MultiFit Nassfutter", "regular_price": 0.0, "selling_price": 3.99, "price_per_unit": 0.0, "breadcrumbs": "Katze > Katzenfutter > Nassfutter", "description": "Mit extra Calcium für ein Wachstumsphasen Frei von Zuckerzusätzen, Farbstoffen und Konservierungsmitteln Für glänzendes Fell und eine schöne Haut"}
{"url": "https://www.fressnapf.de/p/gimcat-soft-gras-150g-1002575003/", "product_name": "GimCat Soft-Gras 150g", "brand": "GimCat Ergänzungsfutter & Aufzucht", "regular_price": 0.0, "selling_price": 3.49, "price_per_unit": 0.0, "breadcrumbs": "Katze > Katzenfutter > Ergänzungsfutter & Aufzucht", "description": "Einfache und schnelle Aufzucht Unterstützt das Wohlbefinden Ihrer Katze Hergestellt in Deutschland"}
{"url": "https://www.fressnapf.de/p/multifit-its-me-tommy-urinary-14-kg-1273416005/", "product_name": "MultiFit It's Me Tommy Urinary 1,4 kg", "brand": "MultiFit Trockenfutter", "regular_price": 0.0, "selling_price": 3.49, "price_per_unit": 0.0, "breadcrumbs": "Katze > Katzenfutter > Trockenfutter", "description": "Kann pH-Wert im Harn senken Unterstützung der Harnwege Entlastung der Nieren"}
{"url": "https://www.fressnapf.de/p/multifit-adult-chicken-mix-multipack-xxl-92x100g-1311817/", "product_name": "MultiFit Adult Chicken Mix Multipack XXL 92x100g", "brand": "MultiFit Nassfutter", "regular_price": 0.0, "selling_price": 19.99, "price_per_unit": 0.0, "breadcrumbs": "Katze > Katzenfutter > Nassfutter", "description": "Mit Taurin zur Unterstützung der Herz- und Sehfunktion Für ein glänzendes Fell und eine schöne Haut Für eine gute Verdauung"}
{"url": "https://www.fressnapf.de/p/multifit-adult-sauce-chicken-mix-multipack-12x100-g-1315771/", "product_name": "MultiFit Adult Sauce Chicken Mix Multipack 12x100 g", "brand": "MultiFit Nassfutter", "regular_price": 0.0, "selling_price": 3.99, "price_per_unit": 0.0, "breadcrumbs": "Katze > Katzenfutter > Nassfutter", "description": "Mit Taurin zur Unterstützung der Herz- und Sehfunktion Ohne Zuckerzusatz, Farbstoffe und Konservierungsmittel Für ein glänzendes Fell und eine schöne Haut"}
{"url": "https://www.fressnapf.de/p/animonda-vom-feinsten-mixpaket-50g-18x50-g-1245689/", "product_name": "animonda vom Feinsten Mixpaket 50g 18x50 g", "brand": "animonda Nassfutter", "regular_price": 20.7, "selling_price": 17.79, "price_per_unit": 19.77, "breadcrumbs": "Katze > Katzenfutter > Nassfutter", "description": "zarte Filetstreifen in feinster Sauce glutenfrei, ohne Weizen ohne Farb- und Konservierungsstoffe"}
{"url": "https://www.fressnapf.de/p/miamor-feine-filets-in-jelly-thunfisch--gemuese-24x100-g-1099955/", "product_name": "Miamor Feine Filets in Jelly Thunfisch & Gemüse 24x100 g", "brand": "Miamor Nassfutter", "regular_price": 26.16, "selling_price": 23.99, "price_per_unit": 10.0, "breadcrumbs": "Katze > Katzenfutter > Nassfutter", "description": "Helle Filetstückchen in delikatem Jelly hochwertige Filet-Spezialität ohne Leber und Innereien"}
{"url": "https://www.fressnapf.de/p/royal-canin-light-weight-care-400-g-1002862004/", "product_name": "ROYAL CANIN Light Weight Care 400 g", "brand": "ROYAL CANIN Trockenfutter", "regular_price": 7.9, "selling_price": 7.49, "price_per_unit": 18.72, "breadcrumbs": "Katze > Katzenfutter > Trockenfutter", "description": "Hilft, übermäßige Gewichtszunahme zu begrenzen Enthält eine Mischung aus Fasern, die das Sättigungsgefühl der Katze unterstützen Ein angepasster Proteingehalt hilft, die Muskelmasse zu erhalten"}
{"url": "https://www.fressnapf.de/p/multifit-junior-sauce-huhn-16x100-g-1100554/", "product_name": "MultiFit Junior Sauce Huhn 16x100 g", "brand": "MultiFit Nassfutter", "regular_price": 0.0, "selling_price": 7.84, "price_per_unit": 0.0, "breadcrumbs": "Katze > Katzenfutter > Nassfutter", "description": "Leckere Stückchen in Sauce Sauce mit Huhn für Katzenwelpen"}
{"url": "https://www.fressnapf.de/p/sanabelle-adult-strauss-400-g-1293746/", "product_name": "Sanabelle Adult Strauß 400 g", "brand": "Sanabelle Trockenfutter", "regular_price": 4.89, "selling_price": 4.69, "price_per_unit": 11.73, "breadcrumbs": "Katze > Katzenfutter > Trockenfutter", "description": "Hoher Anteil frisches Fleisch (25 %) Herausragende Akzeptanz Rezeptur ohne glutenhaltiges Getreide"}
{"url": "https://www.fressnapf.de/p/royal-canin-veterinary-urinary-so-mousse-12x85g-1313168/", "product_name": "ROYAL CANIN Veterinary Urinary S/O Mousse 12x85g", "brand": "ROYAL CANIN", "regular_price": 0.0, "selling_price": 18.19, "price_per_unit": 0.0, "breadcrumbs": "PLP > VET Diäten > Katze > Urinary", "description": "Auflösung von Struvit Niedriger RSS-Wert Harnverdünnung"}
{"url": "https://www.fressnapf.de/p/select-gold-adult-light-12x85-g-1099253/", "product_name": "SELECT GOLD Adult Light 12x85 g", "brand": "SELECT GOLD Nassfutter", "regular_price": 0.0, "selling_price": 15.48, "price_per_unit": 0.0, "breadcrumbs": "Katze > Katzenfutter > Nassfutter", "description": "Mit nur 3,5% Fett L-Carnitin kann zur Förderung des Fettstoffwechsels beitragen Der hohe Proteingehalt begünstigt den Erhalt eines funktionsfähigen Muskelgewebes"}
{"url": "https://www.fressnapf.de/p/gimcat-milch-fuer-katzen-14x200ml-1100864/", "product_name": "GimCat Milch für Katzen 14x200ml", "brand": "GimCat Snacks", "regular_price": 0.0, "selling_price": 22.99, "price_per_unit": 0.0, "breadcrumbs": "Katze > Katzenfutter > Snacks", "description": "Aus echter Vollmilch laktose-reduziert sahniger Geschmack"}
{"url": "https://www.fressnapf.de/p/real-nature-original-adult-12x85g-huhn-mit-pute-in-gelee-1101155/", "product_name": "REAL NATURE Original Adult 12x85g Huhn mit Pute, in Gelee", "brand": "REAL NATURE Nassfutter", "regular_price": 0.0, "selling_price": 16.68, "price_per_unit": 0.0, "breadcrumbs": "Katze > Katzenfutter > Nassfutter", "description": "Naturnahe Ernährung Hochwertige Proteine Ohne Zusatz von künstlichen Konservierungs-, Farb- und Aromastoffen"}
{"url": "https://www.fressnapf.de/p/miamor-feine-filets-naturell-mixpaket-12x156g-1336202/", "product_name": "Miamor Feine Filets naturell Mixpaket 12x156g", "brand": "Miamor Nassfutter", "regular_price": 22.68, "selling_price": 17.99, "price_per_unit": 9.61, "breadcrumbs": "Katze > Katzenfutter > Nassfutter", "description": "Mit hochwertigen Zutaten Im eigenen Fleischsaft gegart Soft und lecker"}
{"url": "https://www.fressnapf.de/p/miamor-feine-filets-naturelle-huhn--kuerbis-24x80-g-1100604/", "product_name": "Miamor Feine Filets Naturelle Huhn & Kürbis 24x80 g", "brand": "Miamor Nassfutter", "regular_price": 26.16, "selling_price": 22.99, "price_per_unit": 11.97, "breadcrumbs": "Katze > Katzenfutter > Nassfutter", "description": "Mit hochwertigen Zutaten Im eigenen Fleischsaft gegart Soft und lecker"}
{"url": "https://www.fressnapf.de/p/miamor-cat-snack-malt-cream-11x6x15g-1100736/", "product_name": "Miamor Cat Snack Malt Cream 11x6x15g", "brand": "Miamor Snacks", "regular_price": 21.89, "selling_price": 16.29, "price_per_unit": 16.45, "breadcrumbs": "Katze > Katzenfutter > Snacks", "description": "Kalorienarm -ohne Zucker ohne Farb- und Konservierungsstoffe servierfertig im Portionsbeutel"}
{"url": "https://www.fressnapf.de/p/miamor-feine-filets-in-jelly-huhn-24x100-g-1311918/", "product_name": "Miamor Feine Filets in Jelly Huhn 24x100 g", "brand": "Miamor Nassfutter", "regular_price": 26.16, "selling_price": 23.99, "price_per_unit": 10.0, "breadcrumbs": "Katze > Katzenfutter > Nassfutter", "description": "Hochwertige Zutaten Leicht verdaulich Ausschließlich mit Filet und Sortenbeigabe"}
{"url": "https://www.fressnapf.de/p/real-nature-wilderness-fish-snack-35g-glacier-bay-fisch--meeresfruechte-1236888/", "product_name": "REAL NATURE WILDERNESS Fish-Snack 35g Glacier Bay, Fisch & Meeresfrüchte", "brand": "REAL NATURE Snacks", "regular_price": 0.0, "selling_price": 2.79, "price_per_unit": 0.0, "breadcrumbs": "Katze > Katzenfutter > Snacks", "description": "essentielle Omega-3-Fettsäuren können Haut & Fell unterstützen ohne Zusatz von Farb- und Aromastoffen 100% schonend ofengetrockneter Alaska-Wildlachs im Fischanteil"}
{"url": "https://www.fressnapf.de/p/animonda-vom-feinsten-senior-mit-gefluegel-6x100g-1353968/", "product_name": "animonda Vom Feinsten Senior mit Geflügel 6x100g", "brand": "animonda Nassfutter", "regular_price": 5.34, "selling_price": 4.14, "price_per_unit": 6.9, "breadcrumbs": "Katze > Katzenfutter > Nassfutter", "description": "einzigartiger kulinarischer Genuss für ältere Katzen ab 7 Jahren fein-stückige Pasteten"}
{"url": "https://www.fressnapf.de/p/real-nature-wilderness-senior-true-country-huhn-mit-fisch-300-g-1173937005/", "product_name": "REAL NATURE WILDERNESS Senior True Country Huhn mit Fisch 300 g", "brand": "REAL NATURE Trockenfutter", "regular_price": 0.0, "selling_price": 4.99, "price_per_unit": 0.0, "breadcrumbs": "Katze > Katzenfutter > Trockenfutter", "description": "aus 60% hochwertigem Huhn und Fisch, 40% Obst, Gemüse und Kräutern getreidefreie Rezeptur frei von Konservierungs-, Aroma- und Farbstoffen"}
{"url": "https://www.fressnapf.de/p/kattovit-feline-urinary-huhn-400-g-1173299/", "product_name": "KATTOVIT Feline Urinary Huhn 400 g", "brand": "KATTOVIT", "regular_price": 3.79, "selling_price": 3.49, "price_per_unit": 8.73, "breadcrumbs": "PLP > VET Diäten > Katze > Urinary", "description": "Zur Vorbeugung von Harnsteinen Enthält harnansäuernde Stoffe Niedriger Magnesiumgehalt"}
{"url": "https://www.fressnapf.de/p/almo-nature-hfc-natural-huehnerschenkel-24x70-g-1099458/", "product_name": "Almo nature HFC Natural Hühnerschenkel 24x70 g", "brand": "Almo nature Nassfutter", "regular_price": 33.6, "selling_price": 20.99, "price_per_unit": 12.49, "breadcrumbs": "Katze > Katzenfutter > Nassfutter", "description": "Hochwertige und naturbelassene Rohstoffen Zertifizierte Herkunft der Inhaltsstoffe Glutenfrei"}
{"url": "https://www.fressnapf.de/p/real-nature-wilderness-open-land-adult-300-g-1173937015/", "product_name": "REAL NATURE WILDERNESS Open Land Adult 300 g", "brand": "REAL NATURE Trockenfutter", "regular_price": 0.0, "selling_price": 4.99, "price_per_unit": 0.0, "breadcrumbs": "Katze > Katzenfutter > Trockenfutter", "description": "aus 70% Huhn, Ziege & Gans, 30% Obst, Gemüse & wertvolle Zutaten, 0% Getreidezugabe getreidefreie Rezeptur 100% natürlich - in den ausgewählten Rohstoffen"}
{"url": "https://www.fressnapf.de/p/premiere-crme-ragout-adult-huhn-mit-gemuese-16x100-g-1128242/", "product_name": "PREMIERE Crème Ragout Adult Huhn mit Gemüse 16x100 g", "brand": "PREMIERE Nassfutter", "regular_price": 0.0, "selling_price": 9.44, "price_per_unit": 0.0, "breadcrumbs": "Katze > Katzenfutter > Nassfutter", "description": "reich an hochwertigem Fleisch sorgfältig ausgesuchte Zutaten ohne künstliche Farb- und Konservierungsstoffe"}
{"url": "https://www.fressnapf.de/p/gourmet--la-carte-sorten-mix-60x85g-1301667/", "product_name": "GOURMET à la Carte Sorten-Mix 60x85g", "brand": "GOURMET Nassfutter", "regular_price": 34.99, "selling_price": 29.99, "price_per_unit": 5.88, "breadcrumbs": "Katze > Katzenfutter > Nassfutter", "description": "Einzigartige Kreationen inspiriert vom GOURMET Küchenchef Sorten: Rind, Huhn, Forelle, Seelachs Ohne Zusatz künstlicher Farbstoffe, Konservierungsstoffe und Aromen"}
{"url": "https://www.fressnapf.de/p/multifit-lachscreme-3x75g-1226320/", "product_name": "MultiFit Lachscreme 3x75g", "brand": "MultiFit Snacks", "regular_price": 0.0, "selling_price": 5.97, "price_per_unit": 0.0, "breadcrumbs": "Katze > Katzenfutter > Snacks", "description": "Ideal als Belohnung für deine Katze Zum Verstecken von Medikamenten Ohne Zuckerzusatz"}
{"url": "https://www.fressnapf.de/p/premiere-soft-mousse-huhn-18x85-g-1100272/", "product_name": "PREMIERE Soft Mousse Huhn 18x85 g", "brand": "PREMIERE Nassfutter", "regular_price": 0.0, "selling_price": 8.82, "price_per_unit": 0.0, "breadcrumbs": "Katze > Katzenfutter > Nassfutter", "description": "feines, luftiges Paté mit Tierärzten entwickelt ohne künstliche Farb- und Konservierungsmittel"}
{"url": "https://www.fressnapf.de/p/select-gold-adult-pure-6x85g-1246055001/", "product_name": "SELECT GOLD Adult Pure 6x85g", "brand": "SELECT GOLD Nassfutter", "regular_price": 0.0, "selling_price": 5.79, "price_per_unit": 0.0, "breadcrumbs": "Katze > Katzenfutter > Nassfutter", "description": "Hoher Anteil wertvoller tierischer Proteine Ohne Beigabe von pflanzlichen Kohlenhydratquellen Besonders geeignet bei Unverträglichkeiten"}
{"url": "https://www.fressnapf.de/p/miamor-feine-filets-naturell-huhn-12x156-g-1234439/", "product_name": "Miamor Feine Filets Naturell Huhn 12x156 g", "brand": "Miamor Nassfutter", "regular_price": 22.68, "selling_price": 20.49, "price_per_unit": 10.95, "breadcrumbs": "Katze > Katzenfutter > Nassfutter", "description": "mit hochwertigen Zutaten im eigenen Fleischsaft gegart soft und lecker"}
{"url": "https://www.fressnapf.de/p/real-nature-wilderness-adult-probierpaket-3x300-g-probierpaket-1-1267094/", "product_name": "REAL NATURE Wilderness Adult Probierpaket 3x300 g Probierpaket 1", "brand": "REAL NATURE Trockenfutter", "regular_price": 0.0, "selling_price": 14.97, "price_per_unit": 0.0, "breadcrumbs": "Katze > Katzenfutter > Trockenfutter", "description": "aus 75% hochwertigem Fleisch oder Fisch, 25% Obst, Gemüse und Kräutern getreidefreie Rezeptur 100% natürlich - in den eingesetzten Rohstoffen"}
{"url": "https://www.fressnapf.de/p/whiskas-adult-1-gelee-12x400g-huhn-1297959/", "product_name": "Whiskas Adult 1+ Gelee 12x400g Huhn", "brand": "Whiskas Nassfutter", "regular_price": 0.0, "selling_price": 18.99, "price_per_unit": 0.0, "breadcrumbs": "Katze > Katzenfutter > Nassfutter", "description": "Entwickelt, um zur Unterstützung der Gesunderhaltung der Harnwege beizutragen Mit Zink, das zur Haut - und Fellgesundheit beiträgt Ohne künstliche Aroma-, Farb- oder Konservierungsstoffe"}
{"url": "https://www.fressnapf.de/p/miamor-feine-filets-in-jelly-mixpaket-12x100g-mixpaket-1-1336189/", "product_name": "Miamor Feine Filets in Jelly Mixpaket 12x100g Mixpaket 1", "brand": "Miamor Nassfutter", "regular_price": 13.08, "selling_price": 11.9, "price_per_unit": 9.92, "breadcrumbs": "Katze > Katzenfutter > Nassfutter", "description": "Mit hochwertigen Zutaten Helle Filetstückchen in delikatem Jelly Ohne Leber und Innereien"}
{"url": "https://www.fressnapf.de/p/moments-adult-pazifikthunfisch-12x70-g-1259182/", "product_name": "MOMENTS Adult Pazifikthunfisch 12x70 g", "brand": "MOMENTS Nassfutter", "regular_price": 0.0, "selling_price": 12.96, "price_per_unit": 0.0, "breadcrumbs": "Katze > Katzenfutter > Nassfutter", "description": "Natürliche Inhaltsstoffe ohne künstliche Zusätze Schonend gegart im eignen Saft zur Erhaltung von Nährstoffen Naturprodukt aus reinem Fleisch- oder Fisch-Filet"}
{"url": "https://www.fressnapf.de/p/multifit-schale-adult-jelly-gefluegel-16x100-g-1100552/", "product_name": "MultiFit Schale Adult Jelly Geflügel 16x100 g", "brand": "MultiFit Nassfutter", "regular_price": 0.0, "selling_price": 7.84, "price_per_unit": 0.0, "breadcrumbs": "Katze > Katzenfutter > Nassfutter", "description": "In zwei leckeren Sorten erhätlich: Geflügel oder Kaninchen in Jelly Mit Vitamin E für den Zellschutz Mit Biotin für gesunde Haut und glänzendes Fell"}
{"url": "https://www.fressnapf.de/p/animonda-vom-feinsten-adult-mixpaket-32x100g-fisch--fleisch-vielfalt-1370493/", "product_name": "animonda vom Feinsten Adult Mixpaket 32x100g Fisch & Fleisch Vielfalt", "brand": "animonda Nassfutter", "regular_price": 29.76, "selling_price": 20.99, "price_per_unit": 6.56, "breadcrumbs": "Katze > Katzenfutter > Nassfutter", "description": "einzigartiger Genuss fein-stückige Pasteten mit ausgewählten, fleischlichen Zutaten"}
{"url": "https://www.fressnapf.de/p/select-gold-senior-indoor-7-12x85-g-1099360/", "product_name": "SELECT GOLD Senior Indoor +7 12x85 g", "brand": "SELECT GOLD Nassfutter", "regular_price": 0.0, "selling_price": 15.48, "price_per_unit": 0.0, "breadcrumbs": "Katze > Katzenfutter > Nassfutter", "description": "Besonders geeignet für ältere Wohnungskatzen Der angepasste Fett- und Energiegehalt begünstigt den Erhalt des Idealgewichts Entlastung der Nieren durch abgesenkten Phosphor- und Natriumgehalt"}
{"url": "https://www.fressnapf.de/p/thrive-100-snacks-vorteilspack-huhn-170-g-1238889/", "product_name": "Thrive 100% Snacks Vorteilspack Huhn, 170 g", "brand": "Thrive Snacks", "regular_price": 0.0, "selling_price": 25.99, "price_per_unit": 0.0, "breadcrumbs": "Katze > Katzenfutter > Snacks", "description": "ohne Getreide und Gluten äußerst nährstoffreich wiederverschließbar"}
{"url": "https://www.fressnapf.de/p/gourmet-perle-genuss-in-sauce-26x85g-lachs-in-grilllachssauce-1297955/", "product_name": "GOURMET Perle Genuss in Sauce 26x85g Lachs, in Grilllachssauce", "brand": "GOURMET Nassfutter", "regular_price": 16.9, "selling_price": 14.99, "price_per_unit": 6.78, "breadcrumbs": "Katze > Katzenfutter > Nassfutter", "description": "Köstliche Sauce mit erlesenen Streifen kombiniert Zarten Stückchen mit Huhn, Rind oder Fisch Ohne Zusatz künstlicher Farbstoffe, Konservierungsstoffe und Aromen"}
{"url": "https://www.fressnapf.de/p/select-gold-kitten-12x85-g-1099251/", "product_name": "SELECT GOLD Kitten 12x85 g", "brand": "SELECT GOLD Nassfutter", "regular_price": 0.0, "selling_price": 15.48, "price_per_unit": 0.0, "breadcrumbs": "Katze > Katzenfutter > Nassfutter", "description": "Mit prebiotischem Inulin für den Aufbau und Erhalt einer stabilen Darmflora Mannan-Oligosaccharide können die körpereigenen Abwehrkräfte unterstützen Getreide- und glutenfreie Rezeptur"}
{"url": "https://www.fressnapf.de/p/perfect-fit-senior-7-12x85g-1270104/", "product_name": "PERFECT FIT Senior 7+ 12x85g", "brand": "PERFECT FIT Nassfutter", "regular_price": 10.68, "selling_price": 9.99, "price_per_unit": 9.79, "breadcrumbs": "Katze > Katzenfutter > Nassfutter", "description": "Angereichert mit Taurin zur Erhaltung eines gesunden und starken Herzens. Gesunde Harnwege & Gesunde Verdauung. Starke natürliche Abwehrkräfte."}
{"url": "https://www.fressnapf.de/p/perfect-fit-adult-mix-12x85-g-1272542/", "product_name": "PERFECT FIT Adult Mix 12x85 g", "brand": "PERFECT FIT Nassfutter", "regular_price": 8.49, "selling_price": 7.99, "price_per_unit": 7.83, "breadcrumbs": "Katze > Katzenfutter > Nassfutter", "description": "viel Vitamin B für gesunde Harnwege unterstützt die Abwehrkräfte"}
{"url": "https://www.fressnapf.de/p/schmusy-ragout-nassfutter-katze-vorteilspack-in-gelee-12x100-g-1342985/", "product_name": "Schmusy Ragout Nassfutter Katze Vorteilspack in Gelee 12x100 g", "brand": "Schmusy Nassfutter", "regular_price": 0.0, "selling_price": 4.99, "price_per_unit": 0.0, "breadcrumbs": "Katze > Katzenfutter > Nassfutter", "description": "Im praktischen Vorteilspack Ohne Farb-, Aroma- und Konservierungsstoffe Getreidefrei"}
{"url": "https://www.fressnapf.de/p/purina-one-sterilcat-26x85g-mit-truthahn-und-gruenen-bohnen-1099258/", "product_name": "Purina ONE Sterilcat 26x85g mit Truthahn und grünen Bohnen", "brand": "Purina ONE Nassfutter", "regular_price": 0.0, "selling_price": 21.99, "price_per_unit": 0.0, "breadcrumbs": "Katze > Katzenfutter > Nassfutter", "description": "Mit zarten Stückchen als Proteinquelle und für den guten Geschmack Bessere Gewichtskontrolle dank hohem Proteingehalt Mit Ballaststoffen zur Unterstützung eines gesunden Verdauungssystems"}
{"url": "https://www.fressnapf.de/p/miamor-feine-filets-in-jelly-huhn-12x185-g-1311917/", "product_name": "Miamor Feine Filets in Jelly Huhn 12x185 g", "brand": "Miamor Nassfutter", "regular_price": 22.68, "selling_price": 18.99, "price_per_unit": 8.55, "breadcrumbs": "Katze > Katzenfutter > Nassfutter", "description": "hochwertige Zutaten ausschließlich mit Filet und Sortenbeigabe leicht verdaulich"}
{"url": "https://www.fressnapf.de/p/multifit-junior-sauce-chicken-mix-multipack-xxl-92x100g-1311814/", "product_name": "MultiFit Junior Sauce Chicken Mix Multipack XXL 92x100g", "brand": "MultiFit Nassfutter", "regular_price": 0.0, "selling_price": 19.99, "price_per_unit": 0.0, "breadcrumbs": "Katze > Katzenfutter > Nassfutter", "description": "Mit Taurin zur Unterstützung der Herz- und Sehfunktion Für glänzendes Fell und eine schöne Haut Für eine gute Verdauung"}
{"url": "https://www.fressnapf.de/p/premiere-meat-menu-adult-rind-12x85-g-1259189/", "product_name": "PREMIERE Meat Menu Adult Rind 12x85 g", "brand": "PREMIERE Nassfutter", "regular_price": 0.0, "selling_price": 11.88, "price_per_unit": 0.0, "breadcrumbs": "Katze > Katzenfutter > Nassfutter", "description": "100% Frischfleisch im Fleischanteil Getreidefreie Rezeptur Ohne Zusatz von Soja, Zucker und künstlichen Aromastoffen"}
{"url": "https://www.fressnapf.de/p/applaws-adult-huhn-mit-lachs-2-kg-1062758/", "product_name": "Applaws Adult Huhn mit Lachs 2 kg", "brand": "Applaws Trockenfutter", "regular_price": 0.0, "selling_price": 15.29, "price_per_unit": 0.0, "breadcrumbs": "Katze > Katzenfutter > Trockenfutter", "description": "Mindestens 80% tierische Proteine Frei von Konservierungs-, Aroma- und Farbstoffen Getreidefrei"}
{"url": "https://www.fressnapf.de/p/perfect-fit-indoor-1-huhn-12-x-85-g-1262035/", "product_name": "PERFECT FIT Indoor 1+ Huhn 12 x 85 g", "brand": "PERFECT FIT Nassfutter", "regular_price": 10.68, "selling_price": 9.99, "price_per_unit": 9.79, "breadcrumbs": "Katze > Katzenfutter > Nassfutter", "description": "reduziert Haarbälle optimale Gewichtskontrolle unterstützt Haut- und Fellgesundheit"}
{"url": "https://www.fressnapf.de/p/premiere-tender-stripes-adult-multipack-12x85g-1356534/", "product_name": "PREMIERE Tender Stripes Adult Multipack 12x85g", "brand": "PREMIERE Nassfutter", "regular_price": 0.0, "selling_price": 6.29, "price_per_unit": 0.0, "breadcrumbs": "Katze > Katzenfutter > Nassfutter", "description": "Mit vier köstlichen Variationen Ohne Zusatz von Soja, künstlichen Farb- und Aromastoffen sowie Konservierungsmitteln Mit Biotin für ein glänzendes Fell und schöne Haut"}
{"url": "https://www.fressnapf.de/p/dreamies-snack-vielfalt-12x60g-1297459/", "product_name": "Dreamies Snack-Vielfalt 12x60g", "brand": "Dreamies Snacks", "regular_price": 15.99, "selling_price": 12.32, "price_per_unit": 17.11, "breadcrumbs": "Katze > Katzenfutter > Snacks", "description": "Außen kross, innen cremig Nur 2 kcal in jedem Leckerli Mit Vitaminen und Mineralien & ohne Zusatz künstlicher Aromastoffe"}
{"url": "https://www.fressnapf.de/p/gourmet-mon-petit-intense-8x6x50g-mit-thunfisch-lachs-forelle-1207331/", "product_name": "GOURMET Mon Petit Intense 8x6x50g mit Thunfisch, Lachs, Forelle", "brand": "GOURMET Nassfutter", "regular_price": 19.12, "selling_price": 17.19, "price_per_unit": 7.16, "breadcrumbs": "Katze > Katzenfutter > Nassfutter", "description": "Schmackhaftes Nassfutter für ausgewachsene Katzen In kleinen 50g Portionen für mehr Abwechslung Ideal für Mischfütterungen ohne Zusatz künstlicher Farb-, Konservierungs- und Aromastoffe"}
{"url": "https://www.fressnapf.de/p/miamor-milde-mahlzeit-gefluegel-pur--schinken-16x100-g-1101399/", "product_name": "Miamor Milde Mahlzeit Geflügel pur & Schinken 16x100 g", "brand": "Miamor Nassfutter", "regular_price": 15.84, "selling_price": 15.49, "price_per_unit": 9.68, "breadcrumbs": "Katze > Katzenfutter > Nassfutter", "description": "Rezepturen auf Basis von leicht verdaulichem Geflügel ohne Leber oder Innereien bei Übergewicht und Bewegungsarmut geeignet"}
{"url": "https://www.fressnapf.de/p/mjamjam-pur-mixpaket-6x400g-1297582/", "product_name": "MjAMjAM Pur Mixpaket 6x400g", "brand": "MjAMjAM Nassfutter", "regular_price": 18.29, "selling_price": 17.99, "price_per_unit": 7.5, "breadcrumbs": "Katze > Katzenfutter > Nassfutter", "description": "Purer Fleischgenuss Getreidefrei und naturbelassen Ohne Zusatz von Soja, Zucker und künstlichen Aroma- und Lockstoffen"}
{"url": "https://www.fressnapf.de/p/royal-canin-veterinary-renal-12x85g-huhn-1193964/", "product_name": "ROYAL CANIN Veterinary RENAL 12x85g Huhn", "brand": "ROYAL CANIN", "regular_price": 0.0, "selling_price": 16.99, "price_per_unit": 0.0, "breadcrumbs": "PLP > VET Diäten > Katze > Nierendiät", "description": "Diätetisches Management bei chronischen Nierenerkrankungen Nierenentlastung Hervorragende Akzeptanz"}
{"url": "https://www.fressnapf.de/p/kattovit-feline-diet-sensitive-400-g-1173301/", "product_name": "KATTOVIT Feline Diet Sensitive 400 g", "brand": "KATTOVIT", "regular_price": 3.79, "selling_price": 3.49, "price_per_unit": 8.73, "breadcrumbs": "PLP > VET Diäten > Katze > Schonkost", "description": "Zur Linderung von Futtermittelallergien Unterstützende Wirkung bei der Haut- und Fellgesundheit Frei von Getreide und Gluten"}
{"url": "https://www.fressnapf.de/p/animonda-vom-feinsten-adult-32x100g-huhn-in-karottensauce-1294393/", "product_name": "animonda Vom Feinsten Adult 32x100g Huhn, in Karottensauce", "brand": "animonda Nassfutter", "regular_price": 30.4, "selling_price": 22.08, "price_per_unit": 6.9, "breadcrumbs": "Katze > Katzenfutter > Nassfutter", "description": "zarte Stückchen in delikater Sauce mit ausgewählten, fleischlichen Zutaten mit natürlichem Taurin"}
{"url": "https://www.fressnapf.de/p/premiere-meat-menu-kitten-rind--gefluegelkomposition-12x85-g-1259188/", "product_name": "PREMIERE Meat Menu Kitten Rind & Geflügelkomposition 12x85 g", "brand": "PREMIERE Nassfutter", "regular_price": 0.0, "selling_price": 11.88, "price_per_unit": 0.0, "breadcrumbs": "Katze > Katzenfutter > Nassfutter", "description": "100% Frischfleisch im Fleischanteil Getreidefreie Rezeptur Ohne Zusatz von Soja, Zucker und künstlichen Aromastoffen"}
{"url": "https://www.fressnapf.de/p/royal-canin-mother--babycat-400-g-1002862013/", "product_name": "ROYAL CANIN Mother & Babycat 400 g", "brand": "ROYAL CANIN Trockenfutter", "regular_price": 6.95, "selling_price": 6.69, "price_per_unit": 16.73, "breadcrumbs": "Katze > Katzenfutter > Trockenfutter", "description": "Unterstützt die natürlichen Abwehrkräfte Ermöglicht eine besonders leichte Entwöhnung Fördert eine gesunde Verdauung"}
{"url": "https://www.fressnapf.de/p/sanabelle-kitten-2-kg-1001069003/", "product_name": "Sanabelle Kitten 2 kg", "brand": "Sanabelle Trockenfutter", "regular_price": 19.95, "selling_price": 13.79, "price_per_unit": 6.9, "breadcrumbs": "Katze > Katzenfutter > Trockenfutter", "description": "hoher Anteil frisches Geflügelfleisch (25 %) optimale Eiweißqualität für heranwachsende Katzen sowie säugende Mutterkatzen"}
{"url": "https://www.fressnapf.de/p/royal-canin-persian-adult-400-g-1002862014/", "product_name": "ROYAL CANIN Persian Adult 400 g", "brand": "ROYAL CANIN Trockenfutter", "regular_price": 7.9, "selling_price": 7.49, "price_per_unit": 18.72, "breadcrumbs": "Katze > Katzenfutter > Trockenfutter", "description": "Perfekt geeignet für Langhaarkatzen Reduziert Haarballenbildung Optimale Verdauung"}
{"url": "https://www.fressnapf.de/p/real-nature-original-senior-12x85g-gefluegel-mit-lachs-karotten-und-disteloel-in-gelee-1101160/", "product_name": "REAL NATURE Original Senior 12x85g Geflügel mit Lachs, Karotten und Distelöl, in Gelee", "brand": "REAL NATURE Nassfutter", "regular_price": 0.0, "selling_price": 10.01, "price_per_unit": 0.0, "breadcrumbs": "Katze > Katzenfutter > Nassfutter", "description": "Naturnahe Ernährung Hochwertige Proteine Ohne Zusatz von künstlichen Konservierungs-, Farb- und Aromastoffen"}
{"url": "https://www.fressnapf.de/p/catz-finefood-nassfutter-katze-classic-adult-no-15-huhn--fasan-6x400-g-1099347/", "product_name": "Catz finefood Nassfutter Katze Classic Adult No. 15 Huhn & Fasan 6x400 g", "brand": "Catz finefood Nassfutter", "regular_price": 0.0, "selling_price": 15.99, "price_per_unit": 0.0, "breadcrumbs": "Katze > Katzenfutter > Nassfutter", "description": "100% offen deklariert zuckerfrei mit getreidefreier Rezeptur"}
{"url": "https://www.fressnapf.de/p/multifit-dentalys-7x60g-1101254/", "product_name": "MultiFit Dentalys 7x60g", "brand": "MultiFit Snacks", "regular_price": 0.0, "selling_price": 9.03, "price_per_unit": 0.0, "breadcrumbs": "Katze > Katzenfutter > Snacks", "description": "ohne Zusatz von Zucker außen knusprig innen cremig"}
{"url": "https://www.fressnapf.de/p/royal-canin-indoor-7-15-kg-1003120014/", "product_name": "ROYAL CANIN Indoor 7+ 1,5 kg", "brand": "ROYAL CANIN Trockenfutter", "regular_price": 20.9, "selling_price": 18.79, "price_per_unit": 12.53, "breadcrumbs": "Katze > Katzenfutter > Trockenfutter", "description": "Vitalitäts-Komplex Reduziert den Stuhlgeruch Unterstützt die Nieren- und Harnwegsfunktion"}
{"url": "https://www.fressnapf.de/p/multifit-adult-sauce-duo-classic-mix-multipack-12x100-g-1316434/", "product_name": "MultiFit Adult Sauce Duo Classic Mix Multipack 12x100 g", "brand": "MultiFit Nassfutter", "regular_price": 0.0, "selling_price": 3.99, "price_per_unit": 0.0, "breadcrumbs": "Katze > Katzenfutter > Nassfutter", "description": "Mit Taurin zur Unterstützung der Herz- und Sehfunktion Ohne Zuckerzusatz, Farbstoffe und Konservierungsmittel für hohe Qualität Für ein glänzendes Fell und eine schöne Haut"}
{"url": "https://www.fressnapf.de/p/premiere-sensitive-gefluegel-300-g-1002957008/", "product_name": "PREMIERE Sensitive Geflügel 300 g", "brand": "PREMIERE Trockenfutter", "regular_price": 0.0, "selling_price": 2.99, "price_per_unit": 0.0, "breadcrumbs": "Katze > Katzenfutter > Trockenfutter", "description": "hoher Anteil tierischer Proteine speziell für ernährungssensible Katzen gut verträgliche & leicht verdauliche Kohlenhydratquelle"}
{"url": "https://www.fressnapf.de/p/vitakraft-cat-stick-10x6-stueck-truthahn--lamm-1099436/", "product_name": "Vitakraft Cat-Stick 10x6 Stück Truthahn & Lamm", "brand": "Vitakraft Snacks", "regular_price": 0.0, "selling_price": 13.99, "price_per_unit": 0.0, "breadcrumbs": "Katze > Katzenfutter > Snacks", "description": "extra fleischig zuckerfreie Rezeptur mit Bruchrillen: perfekt portionierbar"}
{"url": "https://www.fressnapf.de/p/kattovit-feline-gastro-400-g-1173300/", "product_name": "KATTOVIT Feline Gastro 400 g", "brand": "KATTOVIT", "regular_price": 3.79, "selling_price": 3.49, "price_per_unit": 8.73, "breadcrumbs": "PLP > VET Diäten > Katze > Schonkost", "description": "Zur Linderung aktuer Magen-Darm-Probleme Leicht verdauliche Zusammensetzung Erhöhter Elektrolytgehalt"}
{"url": "https://www.fressnapf.de/p/select-gold-senior-hair--skin-12x85-g-1100174/", "product_name": "SELECT GOLD Senior Hair & Skin 12x85 g", "brand": "SELECT GOLD Nassfutter", "regular_price": 0.0, "selling_price": 15.48, "price_per_unit": 0.0, "breadcrumbs": "Katze > Katzenfutter > Nassfutter", "description": "Natürliche Omega-3- und Omega-6-Fettsäuren aus Lachs- und Distelöl sowie Biotin können zu intakter Haut und schönem Fell beitragen Die Nierenfunktion kann durch einen abgesenkten Phosphor- und Natriumgehalt sowie durch den angepassten Proteingehalt positiv unterstützt werden Mit Biotin"}
{"url": "https://www.fressnapf.de/p/multifit-paste-3x100g-malzpaste-mit-kaese-1233499/", "product_name": "MultiFit Paste 3x100g Malzpaste mit Käse", "brand": "MultiFit Snacks", "regular_price": 0.0, "selling_price": 6.27, "price_per_unit": 0.0, "breadcrumbs": "Katze > Katzenfutter > Snacks", "description": "Ohne Zuckerzusatz 60% Malz mit Anti-Hairball 12 Vitamine mit Taurin + Biotin"}
{"url": "https://www.fressnapf.de/p/premiere-meat-menu-kitten-rind--gefluegelkomposition-16x100-g-1245749/", "product_name": "PREMIERE Meat Menu Kitten Rind & Geflügelkomposition 16x100 g", "brand": "PREMIERE Nassfutter", "regular_price": 0.0, "selling_price": 14.24, "price_per_unit": 0.0, "breadcrumbs": "Katze > Katzenfutter > Nassfutter", "description": "100% Frischfleisch im Fleischanteil Getreidefreie Rezeptur Ohne Zusatz von Soja, Zucker und künstlichen Aromastoffen"}
{"url": "https://www.fressnapf.de/p/animonda-vom-feinsten-18x50g-mit-lachs--huehnchenfilet-in-sauce-1269552/", "product_name": "animonda Vom Feinsten 18x50g mit Lachs & Hühnchenfilet, in Sauce", "brand": "animonda Nassfutter", "regular_price": 21.42, "selling_price": 20.99, "price_per_unit": 23.32, "breadcrumbs": "Katze > Katzenfutter > Nassfutter", "description": "zarte Filetstreifen in feinster Sauce glutenfrei, ohne Weizen ohne Farb- und Konservierungsstoffe"}
{"url": "https://www.fressnapf.de/p/animonda-integra-protect-intestinal-16x100g-1099195/", "product_name": "animonda Integra Protect Intestinal 16x100g", "brand": "animonda", "regular_price": 0.0, "selling_price": 18.99, "price_per_unit": 0.0, "breadcrumbs": "PLP > VET Diäten > Katze > Schonkost", "description": "Bei akutem Durchfall Hoch verdaulich Harn-ph 6,5-6,8"}
{"url": "https://www.fressnapf.de/p/moments-my-soup-mixpaket-12x40g-1324425/", "product_name": "MOMENTS My Soup Mixpaket 12x40g", "brand": "MOMENTS Nassfutter", "regular_price": 0.0, "selling_price": 11.49, "price_per_unit": 0.0, "breadcrumbs": "Katze > Katzenfutter > Nassfutter", "description": "Genuss pur, da schonend gegart und ohne Zusatzstoffe Naturbelassene Stückchen in schmackhafter Flüssigkeit Köstliche Leckerei für gemeinsame Verwöhnmomente"}
{"url": "https://www.fressnapf.de/p/gourmet-crystal-soup-32x40g-huhn-1241229/", "product_name": "GOURMET Crystal Soup 32x40g Huhn", "brand": "GOURMET Nassfutter", "regular_price": 31.68, "selling_price": 24.49, "price_per_unit": 19.13, "breadcrumbs": "Katze > Katzenfutter > Nassfutter", "description": "Naturbelassene Zutaten Stückchen in köstlicher Brühe Praktischer Portionsbeutel"}
{"url": "https://www.fressnapf.de/p/multifit-naturelle-ente-4x50g-1230861/", "product_name": "MultiFit naturelle Ente 4x50g", "brand": "MultiFit Snacks", "regular_price": 0.0, "selling_price": 7.0, "price_per_unit": 0.0, "breadcrumbs": "Katze > Katzenfutter > Snacks", "description": "saftig leckerer Snack, gut verträglich für Katzen ab 6 Monaten wiederverschließbar"}
{"url": "https://www.fressnapf.de/p/gourmet-gold-feine-pastete-sorten-mix-96x85g-1364330/", "product_name": "GOURMET Gold Feine Pastete Sorten-Mix 96x85g", "brand": "GOURMET Nassfutter", "regular_price": 53.99, "selling_price": 45.99, "price_per_unit": 5.64, "breadcrumbs": "Katze > Katzenfutter > Nassfutter", "description": "Feine Rezeptur mit zartem Schmelz Für mehr Abwechslung: In den Sorten Rind, Kaninchen, Lamm und Kalb Ohne Zusatz künstlicher Geschmacks- oder Farbstoffe"}
{"url": "https://www.fressnapf.de/p/hills-science-plan-young-adult-sterilised-12x85-g-1071850/", "product_name": "Hill's Science Plan Young Adult Sterilised 12x85 g", "brand": "Hill's Nassfutter", "regular_price": 17.49, "selling_price": 14.99, "price_per_unit": 14.7, "breadcrumbs": "Katze > Katzenfutter > Nassfutter", "description": "Einzigartige Gewichtsmanagement-Formel hilft kastrierten Katzen, schlank zu bleiben Kontrollierter Mineralstoffgehalt für ein gesundes Harnwegssystem Der niedrige Fettgehalt und hohe L-Lysin-Gehalt helfen, d"}
{"url": "https://www.fressnapf.de/p/premiere-cats-love-nature-deluxe-ragout-kitten-kalb--huhn-24x100-g-1241782/", "product_name": "PREMIERE cats love nature Deluxe Ragout Kitten Kalb & Huhn 24x100 g", "brand": "PREMIERE Nassfutter", "regular_price": 0.0, "selling_price": 14.16, "price_per_unit": 0.0, "breadcrumbs": "Katze > Katzenfutter > Nassfutter", "description": "Mit funktionellen Zutaten, um das Wohlbefinden der Katze zu steigern Taurin kann zur Stärkung der Sehkraft beitragen und den Herzmuskel unterstützen ohne Zusatz von Zucker, künstlichen Farb- & Aromastoffen und Konservierungsmitteln"}
{"url": "https://www.fressnapf.de/p/sanabelle-sensitive-gefluegel-400-g-1001050005/", "product_name": "Sanabelle Sensitive Geflügel 400 g", "brand": "Sanabelle Trockenfutter", "regular_price": 19.79, "selling_price": 5.29, "price_per_unit": 8.1, "breadcrumbs": "Katze > Katzenfutter > Trockenfutter", "description": "Hoher Anteil frisches Fleisch (25 %) Für ernähungssensible Katzen mit empfindlichem Margen-Darm-Trakt Außergewöhnliche Proteinqualität und Schmackhaftligkeit"}
{"url": "https://www.fressnapf.de/p/iams-naturally-adult-12x85g-sea-collection-1344822/", "product_name": "IAMS Naturally Adult 12x85g Sea Collection", "brand": "IAMS Nassfutter", "regular_price": 9.99, "selling_price": 6.69, "price_per_unit": 6.56, "breadcrumbs": "Katze > Katzenfutter > Nassfutter", "description": "100% vollständiges und ausgewoges Nassfutter mit leicht verdaulichen Zutaten Mit ASC zertifiziertem Lachs und MSC zertifiziertem Fleisch und Fisch Natürliche Omega 3- und 6-Fette unterstützen eine gesunde Haut und glänzendes Fell"}
{"url": "https://www.fressnapf.de/p/applaws-adult-huhn-2-kg-1062756/", "product_name": "Applaws Adult Huhn 2 kg", "brand": "Applaws Trockenfutter", "regular_price": 0.0, "selling_price": 15.29, "price_per_unit": 0.0, "breadcrumbs": "Katze > Katzenfutter > Trockenfutter", "description": "Mindestens 80% tierische Proteine Frei von Konservierungs-, Aroma- und Farbstoffen Getreidefrei"}
{"url": "https://www.fressnapf.de/p/kattovit-feline-diet-gastro-12x185g-ente-1331607/", "product_name": "KATTOVIT Feline Diet GASTRO 12x185g Ente", "brand": "KATTOVIT", "regular_price": 16.68, "selling_price": 14.99, "price_per_unit": 6.75, "breadcrumbs": "PLP > VET Diäten > Katze > Schonkost", "description": "Zum Ausgleich unzureichender Verdauung Zur Linderung akuter Resorptionsstörungen des Darms Niedrieger Fettgehalt"}
{"url": "https://www.fressnapf.de/p/felix-sensations-gelees-12x85g-geschmacksvielfalt-aus-dem-wasser-1320982/", "product_name": "Felix Sensations Gelees 12x85g Geschmacksvielfalt aus dem Wasser", "brand": "Felix Nassfutter", "regular_price": 0.0, "selling_price": 5.49, "price_per_unit": 0.0, "breadcrumbs": "Katze > Katzenfutter > Nassfutter", "description": "Leckere Auswahl unwiderstehlicher Mahlzeiten 100% komplett & ausgewogen Mit Omega-6-Fettsäuren"}
{"url": "https://www.fressnapf.de/p/real-nature-original-kitten-12x85g-huhn-mit-pute-1101161/", "product_name": "REAL NATURE Original Kitten 12x85g Huhn mit Pute", "brand": "REAL NATURE Nassfutter", "regular_price": 0.0, "selling_price": 16.68, "price_per_unit": 0.0, "breadcrumbs": "Katze > Katzenfutter > Nassfutter", "description": "Naturnahe Ernährung Hochwertige Proteine Ohne Zusatz von künstlichen Konservierungs-, Farb- und Aromastoffen"}
{"url": "https://www.fressnapf.de/p/premiere-light-300-g-1002957003/", "product_name": "PREMIERE Light 300 g", "brand": "PREMIERE Trockenfutter", "regular_price": 0.0, "selling_price": 1.79, "price_per_unit": 0.0, "breadcrumbs": "Katze > Katzenfutter > Trockenfutter", "description": "mit 45,4% Geflügelanteil und reich an Frischfleisch 14% ohne Zusatz von Zucker, Soja, künstlichen Konservierungsmitteln und Farbstoffen mit wertvollem Taurin"}
{"url": "https://www.fressnapf.de/p/kattovit-feline-diet-diabetes-24x85g-huhn-1307593/", "product_name": "KATTOVIT Feline Diet Diabetes 24x85g Huhn", "brand": "KATTOVIT", "regular_price": 18.96, "selling_price": 17.49, "price_per_unit": 8.57, "breadcrumbs": "PLP > VET Diäten > Katze > Diabetes", "description": "Zur Regulierung der Glucoseversorgung Zur Verringerung von Übergewicht Niedriger Kohlenhydratgehalt; mit hochwertigen Proteinen"}
{"url": "https://www.fressnapf.de/p/happy-cat-minkas-perfect-mix-gefluegel-fisch--lamm-4-kg-1050070/", "product_name": "HAPPY CAT Minkas Perfect Mix Geflügel, Fisch & Lamm 4 kg", "brand": "HAPPY CAT Trockenfutter", "regular_price": 37.99, "selling_price": 17.99, "price_per_unit": 3.3, "breadcrumbs": "Katze > Katzenfutter > Trockenfutter", "description": "Für eine optimale Balance Mit Omega-3- und Omega-6-Fettsäuren Mit vielen wertvollen Vitaminen"}
{"url": "https://www.fressnapf.de/p/multifit-katzenmilch-24x200ml-1100332/", "product_name": "MultiFit Katzenmilch 24x200ml", "brand": "MultiFit Katzenmilch & Getränke", "regular_price": 0.0, "selling_price": 16.56, "price_per_unit": 0.0, "breadcrumbs": "Katze > Katzenfutter > Katzenmilch & Getränke", "description": "Laktosereduziert Weniger als 3% Fett Mit Taurin angereichert"}
{"url": "https://www.fressnapf.de/p/premiere-outdoor-adult-300-g-1002957007/", "product_name": "PREMIERE Outdoor Adult 300 g", "brand": "PREMIERE Trockenfutter", "regular_price": 0.0, "selling_price": 1.79, "price_per_unit": 0.0, "breadcrumbs": "Katze > Katzenfutter > Trockenfutter", "description": "mit 14% Frischfleisch speziell für Freigängerkatzen: angepasster Proteingehalt ohne Zusatz von Soja, künstlichen Konservierungsmitteln und Farbstoffen"}
{"url": "https://www.fressnapf.de/p/gourmet-perle-erlesene-streifen-in-gelee-sorten-mix-96x85g-1342772/", "product_name": "GOURMET Perle Erlesene Streifen in Gelee Sorten-Mix 96x85g", "brand": "GOURMET Nassfutter", "regular_price": 53.99, "selling_price": 48.49, "price_per_unit": 5.94, "breadcrumbs": "Katze > Katzenfutter > Nassfutter", "description": "Sorgfältig ausgewählte Zutaten wurden schonend gegart Für mehr Abwechslung: In den Sorten Forelle, Truthahn, Ente und Wild Ohne Zusatz künstlicher Farb-, Konservierungs- und Aromastoffe"}
{"url": "https://www.fressnapf.de/p/real-nature-wilderness-senior-pure-chicken-6x200-g-1327483/", "product_name": "REAL NATURE WILDERNESS Senior Pure Chicken 6x200 g", "brand": "REAL NATURE Nassfutter", "regular_price": 0.0, "selling_price": 13.14, "price_per_unit": 0.0, "breadcrumbs": "Katze > Katzenfutter > Nassfutter", "description": "Mit hohem Fleischanteil: mindestens 94% (inkl. Brühe) Getreidefreie Rezepturen Ohne Zusatz von Farbstoffen, Antioxidations- und Konservierungsmitteln"}
{"url": "https://www.fressnapf.de/p/multifit-adult-sauce-duo-fish--classic-mix-multipack-xxl-92x100g-1311816/", "product_name": "MultiFit Adult Sauce Duo Fish & Classic Mix Multipack XXL 92x100g", "brand": "MultiFit Nassfutter", "regular_price": 0.0, "selling_price": 19.99, "price_per_unit": 0.0, "breadcrumbs": "Katze > Katzenfutter > Nassfutter", "description": "Mit Taurin zur Unterstützung der Herz- und Sehfunktion Für glänzendes Fell und eine schöne Haut Für eine gute Verdauung"}
{"url": "https://www.fressnapf.de/p/felix-so-gut-wie-es-aussieht-senior-26x85-g-1321509/", "product_name": "Felix So gut wie es aussieht Senior 26x85 g", "brand": "Felix Nassfutter", "regular_price": 0.0, "selling_price": 15.49, "price_per_unit": 0.0, "breadcrumbs": "Katze > Katzenfutter > Nassfutter", "description": "Geeignet für Katzen ab 7 Jahren Mit zarten Huhn-Stückchen in Gelee 100% ausgewogen und unwiderstehlich"}
{"url": "https://www.fressnapf.de/p/catz-finefood-nassfutter-katze-classic-adult-no-19-lamm--pferd-6x200-g-1099066/", "product_name": "Catz finefood Nassfutter Katze Classic Adult No. 19 Lamm & Pferd 6x200 g", "brand": "Catz finefood Nassfutter", "regular_price": 0.0, "selling_price": 9.49, "price_per_unit": 0.0, "breadcrumbs": "Katze > Katzenfutter > Nassfutter", "description": "100% offen deklariert zuckerfrei mit getreidefreier Rezeptur, sehr viel Fleisch"}
{"url": "https://www.fressnapf.de/p/mjamjam-snackbag-125g-saftiges-huhn-1363849/", "product_name": "MjAMjAM Snackbag 125g saftiges Huhn", "brand": "MjAMjAM Snacks", "regular_price": 0.0, "selling_price": 3.99, "price_per_unit": 0.0, "breadcrumbs": "Katze > Katzenfutter > Snacks", "description": "Extra hoher Fleischanteil Getreidefrei und naturbelassen Ohne Zusatz von Soja, Zucker und künstlichen Aroma- und Lockstoffen"}
{"url": "https://www.fressnapf.de/p/miamor-ragout-royale-in-jelly-lachs-22x100-g-1099969/", "product_name": "Miamor Ragout Royale in Jelly Lachs 22x100 g", "brand": "Miamor Nassfutter", "regular_price": 12.98, "selling_price": 11.49, "price_per_unit": 5.22, "breadcrumbs": "Katze > Katzenfutter > Nassfutter", "description": "hergestellt im Vitamin-Schonverfahren mit feinen Ragout-Stückchen ohne Farb- und Konservierungsstoffe"}
{"url": "https://www.fressnapf.de/p/premiere-meat-menu-adult-rind--huhn-16x100-g-1245744/", "product_name": "PREMIERE Meat Menu Adult Rind & Huhn 16x100 g", "brand": "PREMIERE Nassfutter", "regular_price": 0.0, "selling_price": 14.24, "price_per_unit": 0.0, "breadcrumbs": "Katze > Katzenfutter > Nassfutter", "description": "100% Frischfleisch im Fleischanteil Getreidefreie Rezeptur Ohne Zusatz von Soja, Zucker und künstlichen Aromastoffen"}
{"url": "https://www.fressnapf.de/p/catz-finefood-nassfutter-katze-classic-adult-8x85-g-no-9-wild-1081543/", "product_name": "Catz finefood Nassfutter Katze Classic Adult 8x85 g No. 9 Wild", "brand": "Catz finefood Nassfutter", "regular_price": 0.0, "selling_price": 8.99, "price_per_unit": 0.0, "breadcrumbs": "Katze > Katzenfutter > Nassfutter", "description": "100% offen deklariert Mit zucker- und getreidefreier Rezeptur Sehr viel Fleisch"}
{"url": "https://www.fressnapf.de/p/animonda-vom-feinsten-kitten-mit-gefluegel-6x100-g-1353964/", "product_name": "animonda Vom Feinsten Kitten mit Geflügel 6x100 g", "brand": "animonda Nassfutter", "regular_price": 5.34, "selling_price": 4.14, "price_per_unit": 6.9, "breadcrumbs": "Katze > Katzenfutter > Nassfutter", "description": "Speziell für Katzenkinder im ersten Jahr Fein-stückige Pasteten Mit ausgewählten, fleischlichen Zutaten"}
{"url": "https://www.fressnapf.de/p/premiere-senior-300-g-1002957004/", "product_name": "PREMIERE Senior 300 g", "brand": "PREMIERE Trockenfutter", "regular_price": 0.0, "selling_price": 2.99, "price_per_unit": 0.0, "breadcrumbs": "Katze > Katzenfutter > Trockenfutter", "description": "mit 44,8% Geflügelanteil und reich an Frischfleisch 14% ohne Zusatz von Zucker, Soja, künstlichen Konservierungsmitteln und Farbstoffen mit wertvollem Taurin"}
{"url": "https://www.fressnapf.de/p/felix-crispies-8x45g-lamm--gemuese-1101443/", "product_name": "Felix Crispies 8x45g Lamm & Gemüse", "brand": "Felix Snacks", "regular_price": 10.32, "selling_price": 9.99, "price_per_unit": 27.75, "breadcrumbs": "Katze > Katzenfutter > Snacks", "description": "enthälten Proteine, Vitamine und Omega 6 Fettsäuren köstlichen Geschmacksrichtungen, Formen und Farben außergewöhnlich leichte und knusprige Konsistenz"}
{"url": "https://www.fressnapf.de/p/dreamies-mix-6x60g-kaese--lachs-1100566/", "product_name": "Dreamies Mix 6x60g Käse & Lachs", "brand": "Dreamies Snacks", "regular_price": 9.3, "selling_price": 7.47, "price_per_unit": 20.75, "breadcrumbs": "Katze > Katzenfutter > Snacks", "description": "außen kross, innen cremig nur 2 kcal in jedem Leckerli mit Vitaminen und Mineralien sowie ohne Zusatz von künstlichen Aromastoffen"}
{"url": "https://www.fressnapf.de/p/hills-science-plan-adult-huhn-seefisch--rind-12x85-g-1072944001/", "product_name": "Hill's Science Plan Adult Huhn, Seefisch & Rind 12x85 g", "brand": "Hill's Nassfutter", "regular_price": 15.49, "selling_price": 13.99, "price_per_unit": 13.72, "breadcrumbs": "Katze > Katzenfutter > Nassfutter", "description": "Klinisch erprobte Antioxidantien für ein gesundes Immunsystem Hält lebenswichtige Organe mit einem ausgewogenen Natrium- und Phosphorgehalt nachhaltig gesund Hergestellt aus hochwertigen Zutaten für eine schonende, gesunde Verdauung"}
{"url": "https://www.fressnapf.de/p/mjamjam-6x400-g-pute-1382702/", "product_name": "MjAMjAM 6x400 g Pute", "brand": "MjAMjAM Nassfutter", "regular_price": 16.14, "selling_price": 13.99, "price_per_unit": 5.83, "breadcrumbs": "Katze > Katzenfutter > Nassfutter", "description": "Ganz ohne Getreide Ohne Zuckerzusatz Ganz ohne synthetische Konservierungsstoffe"}
{"url": "https://www.fressnapf.de/p/royal-canin-veterinary-urinary-so-400-g-1151612/", "product_name": "ROYAL CANIN Veterinary Urinary S/O 400 g", "brand": "ROYAL CANIN", "regular_price": 43.5, "selling_price": 6.99, "price_per_unit": 11.14, "breadcrumbs": "PLP > VET Diäten > Katze > Urinary", "description": "Harnverdünnung Niedriger RRS-Wert Geringer Magnesiumgehalt"}
{"url": "https://www.fressnapf.de/p/select-gold-adult-pure-mixpaket-6x200-g-1324429/", "product_name": "SELECT GOLD Adult Pure Mixpaket 6x200 g", "brand": "SELECT GOLD Nassfutter", "regular_price": 0.0, "selling_price": 9.54, "price_per_unit": 0.0, "breadcrumbs": "Katze > Katzenfutter > Nassfutter", "description": "Hoher Anteil wertvoller tierischer Proteine Ohne Beigabe von pflanzlichen Kohlenhydratquellen Besonders geeignet bei Unverträglichkeiten"}
{"url": "https://www.fressnapf.de/p/multifit-naturelle-huhn--seelachs-herz-4x50g-1230862/", "product_name": "MultiFit naturelle Huhn & Seelachs Herz 4x50g", "brand": "MultiFit Snacks", "regular_price": 0.0, "selling_price": 7.0, "price_per_unit": 0.0, "breadcrumbs": "Katze > Katzenfutter > Snacks", "description": "saftig leckerer Snack, gut verträglich für Katzen ab 6 Monaten wiederverschließbar"}
{"url": "https://www.fressnapf.de/p/felix-sensations-extras-gelees-12x85g-geschmacksvielfalt-vom-land-1320995/", "product_name": "Felix Sensations Extras Gelees 12x85g Geschmacksvielfalt vom Land", "brand": "Felix Nassfutter", "regular_price": 0.0, "selling_price": 5.49, "price_per_unit": 0.0, "breadcrumbs": "Katze > Katzenfutter > Nassfutter", "description": "Leckere Auswahl unwiderstehlicher Mahlzeiten in Gelee 100% komplett & ausgewogen Mit Omega-6-Fettsäuren"}
{"url": "https://www.fressnapf.de/p/kattovit-feline-diet-sensitive-12x185g-huhn-1331609/", "product_name": "KATTOVIT Feline Diet Sensitive 12x185g Huhn", "brand": "KATTOVIT", "regular_price": 16.68, "selling_price": 14.99, "price_per_unit": 6.75, "breadcrumbs": "PLP > VET Diäten > Katze > Schonkost", "description": "Keine Zugabe von Kohlenhydraten wie Getreide Mit nur einer Fleischsorte Für Katzen, die unter Futtermittelallergien leiden"}
{"url": "https://www.fressnapf.de/p/hills-science-plan-oral-care-adult-15-kg-1003013004/", "product_name": "Hill's Science Plan Oral Care Adult 1,5 kg", "brand": "Hill's Trockenfutter", "regular_price": 21.99, "selling_price": 20.99, "price_per_unit": 13.99, "breadcrumbs": "Katze > Katzenfutter > Trockenfutter", "description": "Klinisch erprobtes Trockenfutter für Katzen zur Unterstützung der Zahnreinigung Omega-6-Fettsäuren und Vitamin E sorgen zusätzlich für ein gesundes Fell Die Pellet-Technologie wirkt wie eine Zahnbürste und entfernt Zahnbelag"}
{"url": "https://www.fressnapf.de/p/sheba-soup-40x40g-weissfisch-1272060/", "product_name": "Sheba Soup 40x40g Weißfisch", "brand": "Sheba Nassfutter", "regular_price": 0.0, "selling_price": 24.99, "price_per_unit": 0.0, "breadcrumbs": "Katze > Katzenfutter > Nassfutter", "description": "mit feinen Filetstücken schonend zubereitet ohne künstliche Farb- und Konservierungsstoffe"}
{"url": "https://www.fressnapf.de/p/felix-katzennassfutter-in-gelee-sorten-mix-geschmacksvielfalt-vom-land-1321593/", "product_name": "Felix Katzennassfutter in Gelee Sorten-Mix Geschmacksvielfalt vom Land", "brand": "Felix Nassfutter", "regular_price": 0.0, "selling_price": 15.49, "price_per_unit": 0.0, "breadcrumbs": "Katze > Katzenfutter > Nassfutter", "description": "Leckere Auswahl unwiderstehlicher Mahlzeiten 100% komplett & ausgewogen Ohne Konservierungsstoffe oder Zusatz von künstlichen Aroma- und Farbstoffen"}
{"url": "https://www.fressnapf.de/p/royal-canin-indoor-sterilised-adult-in-sosse-12x85-g-1342017/", "product_name": "ROYAL CANIN Indoor Sterilised Adult in Soße 12x85 g", "brand": "ROYAL CANIN Nassfutter", "regular_price": 18.8, "selling_price": 11.79, "price_per_unit": 11.56, "breadcrumbs": "Katze > Katzenfutter > Nassfutter", "description": "Instinktive Präferenz der Katze Fördert eine gesunde Harnwegsfunktion Unterstützt eine gesunde Verdauung"}
{"url": "https://www.fressnapf.de/p/mjamjam-quetschie-mixpaket-i-huhn-rind-herzen-1366574/", "product_name": "MjAMjAM Quetschie Mixpaket I Huhn, Rind, Herzen", "brand": "MjAMjAM Nassfutter", "regular_price": 19.58, "selling_price": 17.99, "price_per_unit": 11.99, "breadcrumbs": "Katze > Katzenfutter > Nassfutter", "description": "Extra hoher Fleischanteil Getreidefrei und naturbelassen Ohne Zusatz von Soja, Zucker und künstlichen Aroma- und Lockstoffen"}
{"url": "https://www.fressnapf.de/p/real-nature-wilderness-pure-herring-adult-300-g-1335773/", "product_name": "REAL NATURE WILDERNESS Pure Herring Adult 300 g", "brand": "REAL NATURE Trockenfutter", "regular_price": 0.0, "selling_price": 4.99, "price_per_unit": 0.0, "breadcrumbs": "Katze > Katzenfutter > Trockenfutter", "description": "Ursprüngliche Ernährung nach dem Vorbild der Wildkatze Aus 70% hochwertigem Hering Getreidefreie Rezeptur"}
{"url": "https://www.fressnapf.de/p/miamor-cat-snack-malt-cream-mit-kaese-66x15g-1202433/", "product_name": "Miamor Cat Snack Malt Cream mit Käse 66x15g", "brand": "Miamor Snacks", "regular_price": 21.89, "selling_price": 17.79, "price_per_unit": 17.97, "breadcrumbs": "Katze > Katzenfutter > Snacks", "description": "Verdauungsfördernd Ohne Zucker ohne Farb- und Konservierungsstoffe"}
{"url": "https://www.fressnapf.de/p/select-gold-senior-acceptance-6x400-g-1322171/", "product_name": "SELECT GOLD Senior Acceptance 6x400 g", "brand": "SELECT GOLD Nassfutter", "regular_price": 0.0, "selling_price": 11.94, "price_per_unit": 0.0, "breadcrumbs": "Katze > Katzenfutter > Nassfutter", "description": "Ideal für wählerische Katzen Der erhöhte Anteil schmackhafter Leber kann die Akzeptanz des Futters fördern Getreidefrei Rezeptur"}
{"url": "https://www.fressnapf.de/p/real-nature-wilderness-pure-beef-kitten-300-g-1348962/", "product_name": "REAL NATURE WILDERNESS Pure Beef Kitten 300 g", "brand": "REAL NATURE Trockenfutter", "regular_price": 0.0, "selling_price": 4.99, "price_per_unit": 0.0, "breadcrumbs": "Katze > Katzenfutter > Trockenfutter", "description": "aus 70% hochwertigem Rind, 30% Obst, Gemüse und wertvollen Zutaten getreidefreie Rezeptur 100% natürlich - in den ausgewählten Rohstoffen"}
{"url": "https://www.fressnapf.de/p/select-gold-snacks-hair--skin-huhn-75-g-1295216/", "product_name": "SELECT GOLD Snacks Hair & Skin Huhn 75 g", "brand": "SELECT GOLD Snacks", "regular_price": 0.0, "selling_price": 2.59, "price_per_unit": 0.0, "breadcrumbs": "Katze > Katzenfutter > Snacks", "description": "getreidefreie Rezeptur Lachsöl und Kupfer können die Fell- und Hautgesundheit unterstützen prebiotisch wirkende Fructo-Oligosaccharide (FOS) können den Aufbau einer stabilen Darmflora fördern"}
{"url": "https://www.fressnapf.de/p/petbalance-support-lachsoel-250-ml-1009498/", "product_name": "PetBalance Support Lachsöl 250 ml", "brand": "PetBalance Ergänzungsfutter & Aufzucht", "regular_price": 0.0, "selling_price": 11.49, "price_per_unit": 0.0, "breadcrumbs": "Hund > Hundefutter > Ergänzungsfutter & Aufzucht", "description": "enthält Omega-3-Fettsäuren zur Förderung der Vitalität hochwertiges und schmackhaftes Öl einfach im Gebrauch"}
{"url": "https://www.fressnapf.de/p/sanabelle-no-grain-gefluegel-2-kg-1056175/", "product_name": "Sanabelle No Grain Geflügel 2 kg", "brand": "Sanabelle Trockenfutter", "regular_price": 23.95, "selling_price": 16.99, "price_per_unit": 8.5, "breadcrumbs": "Katze > Katzenfutter > Trockenfutter", "description": "hoher Anteil frisches Frischfleisch (25 %) getreidefrei speziell für ernährungssensible Katzen mit empfindlichem Magen-Darm-Trakt"}
{"url": "https://www.fressnapf.de/p/royal-canin-veterinary-satiety-weight-management-12x85g-1323934/", "product_name": "ROYAL CANIN Veterinary Satiety Weight Management 12x85g", "brand": "ROYAL CANIN", "regular_price": 0.0, "selling_price": 15.69, "price_per_unit": 0.0, "breadcrumbs": "PLP > VET Diäten > Katze > Übergewicht", "description": "Effiziente Gewichtsreduktion und -kontrolle Kontrolle des Bettelverhaltens Erhalt der Muskelmasse"}
{"url": "https://www.fressnapf.de/p/felix-sensations-saucen-rind--tomate-26x85-g-1321576/", "product_name": "Felix Sensations Saucen Rind & Tomate 26x85 g", "brand": "Felix Nassfutter", "regular_price": 0.0, "selling_price": 15.49, "price_per_unit": 0.0, "breadcrumbs": "Katze > Katzenfutter > Nassfutter", "description": "100% ausgewogen und unwiderstehlich Mit den Vitaminen D und E Mit Omega-6-Fettsäuren"}
{"url": "https://www.fressnapf.de/p/thrive-100-katzensnacks-thunfisch-25-g-1002765004/", "product_name": "Thrive 100% Katzensnacks Thunfisch, 25 g", "brand": "Thrive Snacks", "regular_price": 0.0, "selling_price": 3.79, "price_per_unit": 0.0, "breadcrumbs": "Katze > Katzenfutter > Snacks", "description": "ohne Konservierungs- und Farbstoffe hoher Nährstoffgehalt wiederverschließbar"}
{"url": "https://www.fressnapf.de/p/royal-canin-veterinary-gastrointestinal-400-g-1151607/", "product_name": "ROYAL CANIN Veterinary Gastrointestinal 400 g", "brand": "ROYAL CANIN", "regular_price": 0.0, "selling_price": 6.99, "price_per_unit": 0.0, "breadcrumbs": "PLP > VET Diäten > Katze > Schonkost", "description": "Unterstützt die Verdauung Hoher Energiegehalt Hohe Schmackhaftigkeit"}
{"url": "https://www.fressnapf.de/p/kattovit-feline-nierendiaet-400-g-1173298/", "product_name": "KATTOVIT Feline Nierendiät 400 g", "brand": "KATTOVIT", "regular_price": 3.79, "selling_price": 3.49, "price_per_unit": 8.73, "breadcrumbs": "PLP > VET Diäten > Katze > Nierendiät", "description": "Bei chronischer Niereninsuffizienz Leicht verdaulich Reduzierter Gehalt an Phosphor und Natrium"}
{"url": "https://www.fressnapf.de/p/premiere-soft-mousse-enjoy-adult-mit-regenbogenforelle-13x90-g-1241223/", "product_name": "PREMIERE Soft Mousse Enjoy Adult mit Regenbogenforelle 13x90 g", "brand": "PREMIERE Nassfutter", "regular_price": 0.0, "selling_price": 7.67, "price_per_unit": 0.0, "breadcrumbs": "Katze > Katzenfutter > Nassfutter", "description": "Ohne Zusatz von Zucker, Farb-und Aromastoffen Natürlicher Genuss Hochwertige Zutaten"}
{"url": "https://www.fressnapf.de/p/animonda-vom-feinsten-adult-6x100g-kalb--gefluegel-1353965/", "product_name": "animonda Vom Feinsten Adult 6x100g Kalb & Geflügel", "brand": "animonda Nassfutter", "regular_price": 5.34, "selling_price": 4.14, "price_per_unit": 6.9, "breadcrumbs": "Katze > Katzenfutter > Nassfutter", "description": "einzigartiger kulinarischer Genuss fein-stückige Pasteten mit ausgewählten, fleischlichen Zutaten"}
{"url": "https://www.fressnapf.de/p/premiere-adult-300-g-1298127/", "product_name": "PREMIERE Adult 300 g", "brand": "PREMIERE Trockenfutter", "regular_price": 0.0, "selling_price": 2.99, "price_per_unit": 0.0, "breadcrumbs": "Katze > Katzenfutter > Trockenfutter", "description": "47% Geflügel und Lachs; reich an Frischfleisch (14%) Unterstützt ein glänzendes Fell und schöne Haut Kann zur Stärkung der Darmflora beitragen."}
{"url": "https://www.fressnapf.de/p/moments-9x70g-geschmacksvielfalt-mit-gemuese-1331248/", "product_name": "MOMENTS 9x70g Geschmacksvielfalt mit Gemüse", "brand": "MOMENTS Nassfutter", "regular_price": 0.0, "selling_price": 9.79, "price_per_unit": 0.0, "breadcrumbs": "Katze > Katzenfutter > Nassfutter", "description": "Naturprodukt aus reinem Fleisch- oder Fisch-Filet Schonend gegart im eigenen Saft Ohne Zusatzstoffe"}
{"url": "https://www.fressnapf.de/p/premiere-soft-mousse-balance-adult-mit-gefluegel-13x90-g-1241227/", "product_name": "PREMIERE Soft Mousse Balance Adult mit Geflügel 13x90 g", "brand": "PREMIERE Nassfutter", "regular_price": 0.0, "selling_price": 7.59, "price_per_unit": 0.0, "breadcrumbs": "Katze > Katzenfutter > Nassfutter", "description": "Ohne Zusatz von Zucker, Farb-und Aromastoffen Geflügel mit Zugabe von Inulin kann die Verdauungsfunktion unterstützen Cremig softe Mousse"}
{"url": "https://www.fressnapf.de/p/miamor-cat-snack-lachs-cream-11x6x15g-1265855/", "product_name": "Miamor Cat Snack Lachs-Cream 11x6x15g", "brand": "Miamor Snacks", "regular_price": 21.89, "selling_price": 19.69, "price_per_unit": 19.89, "breadcrumbs": "Katze > Katzenfutter > Snacks", "description": "Kalorienarm - ohne Zucker Ohne Farb- und Konservierungsstoffe Servierfertig im Portionsbeutel"}
{"url": "https://www.fressnapf.de/p/beaphar-vitamin-b-komplex-50ml-1027960/", "product_name": "Beaphar Vitamin-B-Komplex 50ml", "brand": "Beaphar Ergänzungsfutter & Aufzucht", "regular_price": 0.0, "selling_price": 5.99, "price_per_unit": 0.0, "breadcrumbs": "Katze > Katzenfutter > Ergänzungsfutter & Aufzucht", "description": "unterstützt die Abwehrkräfte appetitanregend für beanspruchte Tiere"}
{"url": "https://www.fressnapf.de/p/multifit-knuspys-7x60g-lachs-1101251/", "product_name": "MultiFit Knuspys 7x60g Lachs", "brand": "MultiFit Snacks", "regular_price": 0.0, "selling_price": 9.03, "price_per_unit": 0.0, "breadcrumbs": "Katze > Katzenfutter > Snacks", "description": "ohne Zusatz von Zucker außen knusprig innen cremig"}
{"url": "https://www.fressnapf.de/p/select-gold-babycat--mother-soft-mousse-huhn-6x200-g-1099358/", "product_name": "SELECT GOLD Babycat & Mother Soft Mousse Huhn 6x200 g", "brand": "SELECT GOLD Nassfutter", "regular_price": 0.0, "selling_price": 14.34, "price_per_unit": 0.0, "breadcrumbs": "Katze > Katzenfutter > Nassfutter", "description": "Besonders geeignet für Katzenwelpen vom Absetzen bis zum ca. 4. Lebensmonat Mannan-Oligosaccharide können die körpereigenen Abwehrkräfte unterstützen Getreide- und glutenfreie Rezeptur"}
{"url": "https://www.fressnapf.de/p/animonda-carny-adult-country-heimat-vielfalt-6-x-100-g-1377917/", "product_name": "animonda Carny Adult Country Heimat-Vielfalt 6 x 100 g", "brand": "animonda Nassfutter", "regular_price": 0.0, "selling_price": 5.09, "price_per_unit": 0.0, "breadcrumbs": "Katze > Katzenfutter > Nassfutter", "description": "100 % frische, fleischliche Zutaten mit besten Zutaten vom Lande ohne Getreide, ohne Zucker, ohne Soja"}
{"url": "https://www.fressnapf.de/p/purina-one-coat--hairball-26x85g-1295640/", "product_name": "Purina ONE Coat & Hairball 26x85g", "brand": "Purina ONE Nassfutter", "regular_price": 20.54, "selling_price": 19.99, "price_per_unit": 9.05, "breadcrumbs": "Katze > Katzenfutter > Nassfutter", "description": "Mit qualitativen hochwertigen Huhn als Proteinquelle und für den guten Geschmack Minimiert die Bildung von Haarballen Ohne Farbstoffe oder Zusatz von künstlichen Aroma- und Konservierungsstoffen"}
{"url": "https://www.fressnapf.de/p/select-gold-adult-indoor-huhn-12x85-g-1100255/", "product_name": "SELECT GOLD Adult Indoor Huhn 12x85 g", "brand": "SELECT GOLD Nassfutter", "regular_price": 0.0, "selling_price": 9.29, "price_per_unit": 0.0, "breadcrumbs": "Katze > Katzenfutter > Nassfutter", "description": "Der angepasste Fettgehalt begünstigt den Erhalt des Idealgewichts Der angepasste Mineralstoffgehalt fördert die Schonung der inneren Organe DL-Methionin begünstigt die Reduzierung des Harn-pH-Wertes - dadurch kann die Harnsteinbildung vermindert werden"}
{"url": "https://www.fressnapf.de/p/orijen-original-cat-18-kg-1260994/", "product_name": "Orijen Original Cat 1,8 kg", "brand": "Orijen Trockenfutter", "regular_price": 0.0, "selling_price": 6.99, "price_per_unit": 0.0, "breadcrumbs": "Katze > Katzenfutter > Trockenfutter", "description": "Trockenfutter mit 40% Fleisch- und Fischprotein Ohne Getreide, Kartoffel oder Tapioka „Ganze-Beute“-Prinzip für eine hohe Nährstoffdichte"}
{"url": "https://www.fressnapf.de/p/select-gold-adult-pure-huhn-12x85-g-1217025/", "product_name": "SELECT GOLD Adult Pure Huhn 12x85 g", "brand": "SELECT GOLD Nassfutter", "regular_price": 0.0, "selling_price": 16.68, "price_per_unit": 0.0, "breadcrumbs": "Katze > Katzenfutter > Nassfutter", "description": "Hoher Anteil wertvoller tierischer Proteine Ohne Beigabe von pflanzlichen Kohlenhydratquellen Besonders geeignet bei Unverträglichkeiten"}
{"url": "https://www.fressnapf.de/p/sheba-multipack-sauce-collection-gefluegel-variation-12x85g-1355748/", "product_name": "Sheba Multipack Sauce Collection Geflügel Variation 12x85g", "brand": "Sheba Nassfutter", "regular_price": 0.0, "selling_price": 6.79, "price_per_unit": 0.0, "breadcrumbs": "Katze > Katzenfutter > Nassfutter", "description": "Katzennassfutter in herzhafter Sauce, hergestellt mit natürlichen und hochwertigen Zutaten Das hochwertige SHEBA® Katzennassfutter für ausgewachsene Katzen bietet deiner Samtpfote täglich eine komplette und ausgewogene Ernährung Ohne künstliche Farb- oder Konservierungsstoffe"}
{"url": "https://www.fressnapf.de/p/macs-nassfutter-katze-adult-rind-6x400-g-1929252/", "product_name": "MAC's Nassfutter Katze Adult Rind 6x400 g", "brand": "MAC's Nassfutter", "regular_price": 0.0, "selling_price": 12.49, "price_per_unit": 0.0, "breadcrumbs": "Katze > Katzenfutter > Nassfutter", "description": "Hoher Fleischanteil Ohne Konservierungsstoffe Made in Germany"}
{"url": "https://www.fressnapf.de/p/royal-canin-veterinary-hypoallergenic-400-g-1320966/", "product_name": "ROYAL CANIN Veterinary Hypoallergenic 400 g", "brand": "ROYAL CANIN", "regular_price": 0.0, "selling_price": 7.49, "price_per_unit": 0.0, "breadcrumbs": "PLP > VET Diäten > Katze > Hypoallergen", "description": "Hydrolysiertes Protein EPA/DHA & Hautbarriere Gesunde Verdauung"}
{"url": "https://www.fressnapf.de/p/cats-love-nassfutter-katze-adult-multipack-12x85-g-1274601001/", "product_name": "CAT'S LOVE Nassfutter Katze Adult Multipack 12x85 g", "brand": "CAT'S LOVE Nassfutter", "regular_price": 0.0, "selling_price": 14.49, "price_per_unit": 0.0, "breadcrumbs": "Katze > Katzenfutter > Nassfutter", "description": "hoher Fleischanteil 100% natürliche Zutaten ohne künstliche Farb- und Lockstoffe"}
{"url": "https://www.fressnapf.de/p/moments-kitten-huhn-filet-12x70g-1342121/", "product_name": "MOMENTS Kitten Huhn, Filet 12x70g", "brand": "MOMENTS Nassfutter", "regular_price": 0.0, "selling_price": 12.96, "price_per_unit": 0.0, "breadcrumbs": "Katze > Katzenfutter > Nassfutter", "description": "Speziell für Kitten entwickelt, unterstützt optimales Wachstum Schonend gegartes Hühnerfilet für hohe Verdaulichkeit und Geschmack, getreidefreie Rezeptur Frei von künstlichen Zusätzen, fördert natürliches Wohlbefinden"}
{"url": "https://www.fressnapf.de/p/multifit-adult-thunfisch-1-kg-1318148/", "product_name": "MultiFit Adult Thunfisch 1 kg", "brand": "MultiFit Trockenfutter", "regular_price": 0.0, "selling_price": 1.91, "price_per_unit": 0.0, "breadcrumbs": "Katze > Katzenfutter > Trockenfutter", "description": "Das ausgewogene Calcium-Phosphor-Verhältnis kann Knochen und Zähne unterstützen Ohne Zusatz von Zucker, Konservierungsmitteln, künstlichen Geschmacksaromen Mit köstlichen Knusperkissen"}
{"url": "https://www.fressnapf.de/p/multifit-its-me-scarlett-sensitive-truthahn-750-g-1273309003/", "product_name": "MultiFit It's Me Scarlett Sensitive Truthahn 750 g", "brand": "MultiFit Trockenfutter", "regular_price": 0.0, "selling_price": 2.09, "price_per_unit": 0.0, "breadcrumbs": "Katze > Katzenfutter > Trockenfutter", "description": "Optimale Verdauung Schmackhafte Rezeptur durch hohen Proteinanteil Unterstützung der Darmflora"}
{"url": "https://www.fressnapf.de/p/kattovit-feline-diet-niererenal-12x185g-huhn-1331603/", "product_name": "KATTOVIT Feline Diet Niere/Renal 12x185g Huhn", "brand": "KATTOVIT", "regular_price": 16.68, "selling_price": 15.29, "price_per_unit": 6.89, "breadcrumbs": "PLP > VET Diäten > Katze > Nierendiät", "description": "Zur Unterstützung der Nierenfunktion Leicht Verdauliche Zusammensetzung Zur Verringerung der Oxalsteinbildung"}
{"url": "https://www.fressnapf.de/p/kattovit-feline-diet-urinary-12x185g-kalb-1331606/", "product_name": "KATTOVIT Feline Diet Urinary 12x185g Kalb", "brand": "KATTOVIT", "regular_price": 16.68, "selling_price": 14.99, "price_per_unit": 6.75, "breadcrumbs": "PLP > VET Diäten > Katze > Urinary", "description": "Zur Vorbeugung von Harnsteinen Hohe Verdaulichkeit Hohe Energiedichte"}
{"url": "https://www.fressnapf.de/p/real-nature-wilderness-pure-duck-300-g-1335450/", "product_name": "REAL NATURE WILDERNESS Pure Duck 300 g", "brand": "REAL NATURE Trockenfutter", "regular_price": 0.0, "selling_price": 4.99, "price_per_unit": 0.0, "breadcrumbs": "Katze > Katzenfutter > Trockenfutter", "description": "Ursprüngliche Ernährung nach dem Vorbild der Wildkatze Aus 70% hochwertiger Ente Getreidefreie Rezeptur"}
{"url": "https://www.fressnapf.de/p/dreamies-6x60g-katzenminze-1371208/", "product_name": "Dreamies 6x60g Katzenminze", "brand": "Dreamies Snacks", "regular_price": 9.3, "selling_price": 6.79, "price_per_unit": 18.86, "breadcrumbs": "Katze > Katzenfutter > Snacks", "description": "außen kross, innen cremig nur 2 kcal in jedem Leckerli mit Vitaminen und Mineralien sowie ohne Zusatz von künstlichen Aromastoffen"}
{"url": "https://www.fressnapf.de/p/select-gold-adult-acceptance-huhn-mit-leber--lachs-12x85-g-1100226/", "product_name": "SELECT GOLD Adult Acceptance Huhn mit Leber & Lachs 12x85 g", "brand": "SELECT GOLD Nassfutter", "regular_price": 0.0, "selling_price": 15.48, "price_per_unit": 0.0, "breadcrumbs": "Katze > Katzenfutter > Nassfutter", "description": "Der erhöhte Anteil schmackhafter Leber kann die Akzeptanz des Futters fördern Der angepasste Mineralstoffgehalt fördert die Schonung der inneren Organe DL-Methionin begünstigt die Reduzierung des Harn-pH-Wertes - dadurch kann die Harnsteinbildung vermindert werden"}
{"url": "https://www.fressnapf.de/p/thrive-cat-premiumplus-huhn-15-kg-1223368/", "product_name": "Thrive Cat PremiumPlus Huhn 1,5 kg", "brand": "Thrive Trockenfutter", "regular_price": 0.0, "selling_price": 17.19, "price_per_unit": 0.0, "breadcrumbs": "Katze > Katzenfutter > Trockenfutter", "description": "getreidefreie Rezeptur 90% Fleischanteil mit Süßkartoffeln, Kartoffeln und Lachsöl"}
{"url": "https://www.fressnapf.de/p/gimcat-expert-line-kitten-paste-50g-1280718/", "product_name": "GimCat Expert Line Kitten Paste 50g", "brand": "GimCat Ergänzungsfutter & Aufzucht", "regular_price": 0.0, "selling_price": 4.69, "price_per_unit": 0.0, "breadcrumbs": "Katze > Katzenfutter > Ergänzungsfutter & Aufzucht", "description": "fördert das Wachstum fördert die Entwicklung des Immun- und Verdauungssystems Made in Germany"}
{"url": "https://www.fressnapf.de/p/multifit-bbq-meat-sticks-7x8x5g-haehnchen-1229783/", "product_name": "MultiFit BBQ Meat Sticks 7x8x5g Hähnchen", "brand": "MultiFit Snacks", "regular_price": 0.0, "selling_price": 8.05, "price_per_unit": 0.0, "breadcrumbs": "Katze > Katzenfutter > Snacks", "description": "Barbecue-Stil 95% Fleisch und Innereien getreide- und glutenfreie Rezeptur"}
{"url": "https://www.fressnapf.de/p/select-gold-adult-pure-6x85g-multipack-1-1256130001/", "product_name": "SELECT GOLD Adult Pure 6x85g Multipack 1", "brand": "SELECT GOLD Nassfutter", "regular_price": 0.0, "selling_price": 7.79, "price_per_unit": 0.0, "breadcrumbs": "Katze > Katzenfutter > Nassfutter", "description": "Hoher Anteil wertvoller tierischer Proteine Ohne Beigabe von pflanzlichen Kohlenhydratquellen Besonders geeignet bei Unverträglichkeiten"}
{"url": "https://www.fressnapf.de/p/mjamjam-kitten-saftiges-huehnchen-mit-lachsoel-6x400g-1366098/", "product_name": "MjAMjAM Kitten saftiges Hühnchen mit Lachsöl 6x400g", "brand": "MjAMjAM Nassfutter", "regular_price": 18.54, "selling_price": 16.99, "price_per_unit": 7.08, "breadcrumbs": "Katze > Katzenfutter > Nassfutter", "description": "Extra hoher Fleischanteil Getreidefrei und naturbelassen Ohne Zusatz von Soja, Zucker und künstlichen Aroma- und Lockstoffen"}
{"url": "https://www.fressnapf.de/p/sanabelle-urinary-400-g-1001050004/", "product_name": "Sanabelle Urinary 400 g", "brand": "Sanabelle Trockenfutter", "regular_price": 5.79, "selling_price": 5.29, "price_per_unit": 13.23, "breadcrumbs": "Katze > Katzenfutter > Trockenfutter", "description": "Schmackhaft und bekömmlich Verringerter Gehalt an Proteinen und Mineralstoffen Entlastet die Nieren und harnabführenden Organe"}
{"url": "https://www.fressnapf.de/p/royal-canin-ageing-12-sterilised-2-kg-1014717/", "product_name": "ROYAL CANIN Ageing 12+ Sterilised 2 kg", "brand": "ROYAL CANIN Trockenfutter", "regular_price": 28.9, "selling_price": 25.99, "price_per_unit": 13.0, "breadcrumbs": "Katze > Katzenfutter > Trockenfutter", "description": "Gewichtserhalt Healthy-Ageing Complex Unterstützt die Nierenfunktion und Harnwegsfunktion"}
{"url": "https://www.fressnapf.de/p/select-gold-adult-pure-in-sosse-multipack-6x85g-1322855/", "product_name": "SELECT GOLD Adult Pure in Soße Multipack 6x85g", "brand": "SELECT GOLD Nassfutter", "regular_price": 0.0, "selling_price": 7.79, "price_per_unit": 0.0, "breadcrumbs": "Katze > Katzenfutter > Nassfutter", "description": "1 ausgewähltes Protein Getreidefreie Rezeptur Ideal bei Unverträglichkeiten"}
{"url": "https://www.fressnapf.de/p/kittys-cuisine-adult-probierpaket-1267092/", "product_name": "Kitty's Cuisine Adult Probierpaket", "brand": "Kitty's Cuisine Trockenfutter", "regular_price": 0.0, "selling_price": 14.37, "price_per_unit": 0.0, "breadcrumbs": "Katze > Katzenfutter > Trockenfutter", "description": "Hoher Anteil tierischer Rohstoffe von mind. 66% Mit mind. 25% Frischfleischanteil Mit Superfoods z.B. Granatapfel & Acai-Beeren, Sanddorn & Spirulina oder Spinat & Chia-Samen"}
{"url": "https://www.fressnapf.de/p/select-gold-adult-pure-huhn-12x85-g-1246084/", "product_name": "SELECT GOLD Adult Pure Huhn 12x85 g", "brand": "SELECT GOLD Nassfutter", "regular_price": 0.0, "selling_price": 14.28, "price_per_unit": 0.0, "breadcrumbs": "Katze > Katzenfutter > Nassfutter", "description": "Hoher Anteil wertvoller tierischer Proteine Ohne Beigabe von pflanzlichen Kohlenhydratquellen Besonders geeignet bei Unverträglichkeiten"}
{"url": "https://www.fressnapf.de/p/moments-kitten-huhn-filet-12x70-g-1342115/", "product_name": "MOMENTS Kitten Huhn, Filet 12x70 g", "brand": "MOMENTS Nassfutter", "regular_price": 0.0, "selling_price": 12.96, "price_per_unit": 0.0, "breadcrumbs": "Katze > Katzenfutter > Nassfutter", "description": "Speziell für Kitten entwickelt, unterstützt Wachstum und Entwicklung Frei von Geschmacksverstärkern und Konservierungsstoffen für reine Natürlichkeit Getreidefreie Rezeptur, ideal für ernährungssensible Kitten"}
{"url": "https://www.fressnapf.de/p/gimcat-expert-line-senior-paste-50-g-1280716/", "product_name": "GimCat Expert Line Senior Paste 50 g", "brand": "GimCat Ergänzungsfutter & Aufzucht", "regular_price": 0.0, "selling_price": 4.69, "price_per_unit": 0.0, "breadcrumbs": "Katze > Katzenfutter > Ergänzungsfutter & Aufzucht", "description": "unterstützt die gesunde Alterung gleicht den altersbedingten, erhöhten Nährstoffbedarf aus made in Germany"}
{"url": "https://www.fressnapf.de/p/select-gold-adult-classic-fit-12x85-g-1099355/", "product_name": "SELECT GOLD Adult Classic Fit 12x85 g", "brand": "SELECT GOLD Nassfutter", "regular_price": 0.0, "selling_price": 15.48, "price_per_unit": 0.0, "breadcrumbs": "Katze > Katzenfutter > Nassfutter", "description": "Getreidefreie Rezeptur Durch das zugegebene DL-Methionin kann der Harn-pH-Wert begünstigt werden Enthält 72% Hühnerfleisch und Innereien vom Huhn"}
{"url": "https://www.fressnapf.de/p/royal-canin-aroma-exigent-400-g-1002862018/", "product_name": "ROYAL CANIN Aroma Exigent 400 g", "brand": "ROYAL CANIN Trockenfutter", "regular_price": 6.9, "selling_price": 5.29, "price_per_unit": 13.23, "breadcrumbs": "Katze > Katzenfutter > Trockenfutter", "description": "Ansprechendes Aroma Unterstützt das Idealgewicht und die Harnwegsfunktion Individuelle Präferenz"}
{"url": "https://www.fressnapf.de/p/premiere-tender-stripes-ente-28x85-g-1295051/", "product_name": "PREMIERE Tender Stripes Ente 28x85 g", "brand": "PREMIERE Nassfutter", "regular_price": 0.0, "selling_price": 16.52, "price_per_unit": 0.0, "breadcrumbs": "Katze > Katzenfutter > Nassfutter", "description": "Feine Streifen in leckerer Sauce Für anspruchsvolle Katzen Ohne Zusatz von Soja und künstlichen Aromastoffen"}
{"url": "https://www.fressnapf.de/p/perfect-fit-beutel-junior-1-mit-huhn-6x750-g-1255997/", "product_name": "PERFECT FIT Beutel Junior <1 mit Huhn 6x750 g", "brand": "PERFECT FIT Trockenfutter", "regular_price": 32.99, "selling_price": 26.99, "price_per_unit": 4.07, "breadcrumbs": "Katze > Katzenfutter > Trockenfutter", "description": "Reich an hochwertigen Proteinen, die das gesunde Wachstum fördern Unterstützt die ganzheitliche Gesundheit des Körpers Total-5-Formel bietet fünffachen Rundumschutz"}
{"url": "https://www.fressnapf.de/p/royal-canin-urinary-care-2-kg-1189974/", "product_name": "ROYAL CANIN Urinary Care 2 kg", "brand": "ROYAL CANIN Trockenfutter", "regular_price": 30.9, "selling_price": 26.99, "price_per_unit": 13.5, "breadcrumbs": "Katze > Katzenfutter > Trockenfutter", "description": "Hilft, die Harnwegsgesundheit zu unterstützen ausgewogener Mineralstoffgehalt Niedriger Harn-pH Wert"}
{"url": "https://www.fressnapf.de/p/sheba-multipack-fresh--fine-in-sauce-36x50g-huhn--truthahn-1361474/", "product_name": "Sheba Multipack Fresh & Fine in Sauce 36x50g Huhn & Truthahn", "brand": "Sheba Nassfutter", "regular_price": 0.0, "selling_price": 15.49, "price_per_unit": 0.0, "breadcrumbs": "Katze > Katzenfutter > Nassfutter", "description": "Hochwertiges Nassfutter, das Ihre Katze mit allen Nährstoffen versorgt In köstlicher Sauce aus erlesenen Zutaten Serviert in einem 50g Portionsbeutel"}
{"url": "https://www.fressnapf.de/p/animonda-vom-feinsten-adult-mixpack-huehnchenvielfalt-1354179/", "product_name": "animonda Vom Feinsten Adult Mixpack Hühnchenvielfalt", "brand": "animonda Nassfutter", "regular_price": 5.4, "selling_price": 4.14, "price_per_unit": 6.9, "breadcrumbs": "Katze > Katzenfutter > Nassfutter", "description": "einzigartiger kulinarischer Genuss fein-stückige Pasteten mit ausgewählten, fleischlichen Zutaten"}
{"url": "https://www.fressnapf.de/p/multifit-junior-trockenfutter-huhn-2-kg-1322012/", "product_name": "MultiFit Junior Trockenfutter Huhn 2 kg", "brand": "MultiFit Trockenfutter", "regular_price": 0.0, "selling_price": 1.91, "price_per_unit": 0.0, "breadcrumbs": "Katze > Katzenfutter > Trockenfutter", "description": "Ohne Zusatz von Zucker und Konservierungsmitteln Mit köstlichen Knusperkissen Rezeptur perfekt abgestimmt auf die Lebensphase"}
{"url": "https://www.fressnapf.de/p/multifit-its-me-sammy-junior-huhn-750-g-1273309001/", "product_name": "MultiFit It's Me Sammy Junior Huhn 750 g", "brand": "MultiFit Trockenfutter", "regular_price": 0.0, "selling_price": 2.09, "price_per_unit": 0.0, "breadcrumbs": "Katze > Katzenfutter > Trockenfutter", "description": "optimale Entwicklung der Knochen Höherer Proteingehalt zur optimalen Entwicklung der Muskulatur Unterstützung von Augen- und Gehirnentwicklung"}
{"url": "https://www.fressnapf.de/p/select-gold-senior-acceptance-6x200-g-1322172/", "product_name": "SELECT GOLD Senior Acceptance 6x200 g", "brand": "SELECT GOLD Nassfutter", "regular_price": 0.0, "selling_price": 5.0, "price_per_unit": 0.0, "breadcrumbs": "Katze > Katzenfutter > Nassfutter", "description": "Ideal für wählerische Katzen Der erhöhte Anteil schmackhafter Leber kann die Akzeptanz des Futters fördern Getreidefrei Rezeptur"}
{"url": "https://www.fressnapf.de/p/pro-plan-liveclear-sterilised-adult-truthahn-14-kg-1351213/", "product_name": "PRO PLAN Liveclear Sterilised Adult Truthahn 1,4 kg", "brand": "PRO PLAN Trockenfutter", "regular_price": 69.99, "selling_price": 22.99, "price_per_unit": 9.0, "breadcrumbs": "Katze > Katzenfutter > Trockenfutter", "description": "Geeignet für sterilisierte oder kastrierte Katzen Reduziert Allergene auf Katzenhaaren Ohne hinzugefügte Farb- oder Aromastoffe"}
{"url": "https://www.fressnapf.de/p/real-nature-filet--mousse-adult-huhn--pute-mit-leinoel-6x85-g-1322162/", "product_name": "REAL NATURE Filet & Mousse Adult Huhn & Pute mit Leinöl 6x85 g", "brand": "REAL NATURE Nassfutter", "regular_price": 0.0, "selling_price": 8.34, "price_per_unit": 0.0, "breadcrumbs": "Katze > Katzenfutter > Nassfutter", "description": "Ohne Zusatz von Zucker und Soja Getreidefreie Rezeptur Ohne Zusatz von künstlichen Farb- und Aromastoffen oder Emulgatoren"}
{"url": "https://www.fressnapf.de/p/animonda-vom-feinsten-adult-mildes-menue-6x100g-pute--forelle-1365530/", "product_name": "animonda Vom Feinsten Adult Mildes Menü 6x100g Pute & Forelle", "brand": "animonda Nassfutter", "regular_price": 6.3, "selling_price": 4.14, "price_per_unit": 6.9, "breadcrumbs": "Katze > Katzenfutter > Nassfutter", "description": "Fein-stückige Pasteten ausschließlich aus Putenfleisch Einzigartiger Genuss Leicht/gut verdaulich, ohne Innereien und Leber"}
{"url": "https://www.fressnapf.de/p/schesir-natural-24x85g-lachs-1101179/", "product_name": "Schesir Natural 24x85g Lachs", "brand": "Schesir Nassfutter", "regular_price": 0.0, "selling_price": 23.99, "price_per_unit": 0.0, "breadcrumbs": "Katze > Katzenfutter > Nassfutter", "description": "ausschließlich Inhaltsstoffe erster Wahl Katzenfutter mit Vitaminen und Taurin In Kochwasser"}
{"url": "https://www.fressnapf.de/p/schesir-24x50g-natural-huhn-mit-ente-1094820/", "product_name": "Schesir 24x50g Natural: Huhn mit Ente", "brand": "Schesir Nassfutter", "regular_price": 0.0, "selling_price": 18.49, "price_per_unit": 0.0, "breadcrumbs": "Katze > Katzenfutter > Nassfutter", "description": "100% natürliche Zutaten schonend dampfgegart besonders geeignet für übergewichtige oder mäkelige Katzen"}
{"url": "https://www.fressnapf.de/p/real-nature-wilderness-senior-pure-chicken-6x400-g-1327484/", "product_name": "REAL NATURE WILDERNESS Senior Pure Chicken 6x400 g", "brand": "REAL NATURE Nassfutter", "regular_price": 0.0, "selling_price": 19.14, "price_per_unit": 0.0, "breadcrumbs": "Katze > Katzenfutter > Nassfutter", "description": "Mit hohem Fleischanteil: mindestens 94% (inkl. Brühe) Getreidefreie Rezepturen Ohne Zusatz von Farbstoffen, Antioxidations- und Konservierungsmitteln"}
{"url": "https://www.fressnapf.de/p/select-gold-adult-hair--skin-12x85-g-1100202/", "product_name": "SELECT GOLD Adult Hair & Skin 12x85 g", "brand": "SELECT GOLD Nassfutter", "regular_price": 0.0, "selling_price": 15.48, "price_per_unit": 0.0, "breadcrumbs": "Katze > Katzenfutter > Nassfutter", "description": "Omega-3- und Omega-6-Fettsäuren aus Sonnenblumenöl und Lachsöl können zu geschmeidiger Haut und schönem Fell beitragen Der angepasste Mineralstoffgehalt fördert die Schonung der inneren Organe DL-Methionin begünstigt die Reduzierung des Harn-pH-Wertes - dadurch kann die Harnsteinbildung vermindert werden"}
{"url": "https://www.fressnapf.de/p/sanabelle-light-2-kg-1001069001/", "product_name": "Sanabelle Light 2 kg", "brand": "Sanabelle Trockenfutter", "regular_price": 19.79, "selling_price": 16.19, "price_per_unit": 8.1, "breadcrumbs": "Katze > Katzenfutter > Trockenfutter", "description": "für übergewichtige Katzen, z.B. nach Kastration entlastet Kreislauf, Gelenke und Knochen reduzierter Fettgehalt"}
{"url": "https://www.fressnapf.de/p/gourmet-gold-zarte-haeppchen-katzennassfutter-sorten-mix-96x85g-1364341/", "product_name": "GOURMET Gold Zarte Häppchen Katzennassfutter Sorten-Mix 96x85g", "brand": "GOURMET Nassfutter", "regular_price": 53.99, "selling_price": 51.99, "price_per_unit": 6.37, "breadcrumbs": "Katze > Katzenfutter > Nassfutter", "description": "Zarte Stückchen in einer delikaten Sauce Für mehr Abwechslung: In den Sorten Rind, Truthahn & Ente, Lachs & Huhn und Huhn & Leber Ohne Zusatz künstlicher Geschmacks- oder Farbstoffe"}
{"url": "https://www.fressnapf.de/p/whiskas-snacks-milch-kaetzchen-8x55g-1335585/", "product_name": "Whiskas Snacks Milch-Kätzchen 8x55g", "brand": "Whiskas Snacks", "regular_price": 12.4, "selling_price": 11.79, "price_per_unit": 26.8, "breadcrumbs": "Katze > Katzenfutter > Snacks", "description": "zur Stärkung der natürlichen Abwehrkräfte zur Förderung eines gesunden Zahn- und Knochenwachstums"}
{"url": "https://www.fressnapf.de/p/multifit-its-me-coco-indoor-truthahn-14-kg-1273416002/", "product_name": "MultiFit It's Me Coco Indoor Truthahn 1,4 kg", "brand": "MultiFit Trockenfutter", "regular_price": 0.0, "selling_price": 3.59, "price_per_unit": 0.0, "breadcrumbs": "Katze > Katzenfutter > Trockenfutter", "description": "Anti-Hairball Reduzierter Stuhlgeruch Erhaltung des Idealgewichts durch angepasste Rezeptur"}
{"url": "https://www.fressnapf.de/p/pro-plan-liveclear-kitten-truthahn-14-kg-1351212/", "product_name": "PRO PLAN Liveclear Kitten Truthahn 1,4 kg", "brand": "PRO PLAN Trockenfutter", "regular_price": 0.0, "selling_price": 22.99, "price_per_unit": 0.0, "breadcrumbs": "Katze > Katzenfutter > Trockenfutter", "description": "Geeignet für heranwachsende Kätzchen unter einem Jahr Reduziert Allergene auf Katzenhaaren Ohne hinzugefügte Farb- oder Aromastoffe"}
{"url": "https://www.fressnapf.de/p/select-gold-adult-acceptance-6x400-g-1322173/", "product_name": "SELECT GOLD Adult Acceptance 6x400 g", "brand": "SELECT GOLD Nassfutter", "regular_price": 0.0, "selling_price": 11.94, "price_per_unit": 0.0, "breadcrumbs": "Katze > Katzenfutter > Nassfutter", "description": "Ideal für wählerische Katzen Der erhöhte Anteil schmackhafter Leber kann die Akzeptanz des Futters fördern Getreidefrei Rezeptur"}
{"url": "https://www.fressnapf.de/p/select-gold-adult-pure-in-sosse-huhn-12x85-g-1322167/", "product_name": "SELECT GOLD Adult Pure in Soße Huhn 12x85 g", "brand": "SELECT GOLD Nassfutter", "regular_price": 0.0, "selling_price": 16.68, "price_per_unit": 0.0, "breadcrumbs": "Katze > Katzenfutter > Nassfutter", "description": "1 ausgewähltes Protein Getreidefreie Rezeptur Ideal bei Unverträglichkeiten"}
{"url": "https://www.fressnapf.de/p/animonda-carny-adult-country-land-vielfalt-6-x-100-g-1377916/", "product_name": "animonda Carny Adult Country Land-Vielfalt 6 x 100 g", "brand": "animonda Nassfutter", "regular_price": 0.0, "selling_price": 5.09, "price_per_unit": 0.0, "breadcrumbs": "Katze > Katzenfutter > Nassfutter", "description": "100 % frische, fleischliche Zutaten mit besten Zutaten vom Lande ohne Getreide, ohne Zucker, ohne Soja"}
{"url": "https://www.fressnapf.de/p/sheba-multipack-fresh-cuisine-36x50g-taste-of-paris-1365639/", "product_name": "Sheba Multipack Fresh Cuisine 36x50g Taste of Paris", "brand": "Sheba Nassfutter", "regular_price": 0.0, "selling_price": 15.49, "price_per_unit": 0.0, "breadcrumbs": "Katze > Katzenfutter > Nassfutter", "description": "Hochwertiges Nassfutter Inspiriert von kulinarischen Metropolen der ganzen Welt Ideale Portion für einen frischen Geschmack"}
{"url": "https://www.fressnapf.de/p/katzenliebe-bio-mixpaket-6x100g-1293663/", "product_name": "KatzenLiebe Bio-Mixpaket 6x100g", "brand": "KatzenLiebe Nassfutter", "regular_price": 0.0, "selling_price": 7.49, "price_per_unit": 0.0, "breadcrumbs": "Katze > Katzenfutter > Nassfutter", "description": "Hoher Proteingehalt Getreidefrei Allergikergeeignet"}
{"url": "https://www.fressnapf.de/p/perfect-fit-beutel-senior-7-mit-huhn-14-kg-1497426/", "product_name": "PERFECT FIT Beutel Senior 7+ mit Huhn 1,4 kg", "brand": "PERFECT FIT Trockenfutter", "regular_price": 32.99, "selling_price": 6.49, "price_per_unit": 4.07, "breadcrumbs": "Katze > Katzenfutter > Trockenfutter", "description": "Hilft, ein starkes und gesundes Herz zu erhalten Hergestellt mit hochwertigen Zutaten Total-5-Formel bietet fünffachen Rundumschutz"}
{"url": "https://www.fressnapf.de/p/canina-velox-gelenkenergie-150-g-1063316/", "product_name": "Canina Velox Gelenkenergie 150 g", "brand": "Canina Ergänzungsfutter & Aufzucht", "regular_price": 0.0, "selling_price": 22.49, "price_per_unit": 0.0, "breadcrumbs": "Katze > Katzenfutter > Ergänzungsfutter & Aufzucht", "description": "100% neuseeländisches Muschelfleischmehl Mit Glycosaminoglycanen Mit von Natur aus enthaltenen Omega-Fettsäuren"}
{"url": "https://www.fressnapf.de/p/kattovit-urinary-24x85g-kalb-1371221/", "product_name": "KATTOVIT Urinary 24x85g Kalb", "brand": "KATTOVIT", "regular_price": 18.96, "selling_price": 17.49, "price_per_unit": 8.57, "breadcrumbs": "PLP > VET Diäten > Katze > Urinary", "description": "Moderater Magnesiumgehalt Harnansäuernd Hohe Verdaulichkeit und hohe Energiedichte"}
{"url": "https://www.fressnapf.de/p/felix-naturally-delicious-hof-10x80g-1374291/", "product_name": "Felix Naturally Delicious Hof 10x80g", "brand": "Felix Nassfutter", "regular_price": 0.0, "selling_price": 4.79, "price_per_unit": 0.0, "breadcrumbs": "Katze > Katzenfutter > Nassfutter", "description": "100% komplett und ausgewogen Getreidefreie Rezeptur mit ausgewählten natürlichen Zutaten Ohne künstliche Farb-, Aroma- und Konservierungsstoffe"}
{"url": "https://www.fressnapf.de/p/iams-naturally-senior-land--sea-collection-12x85g-1361566/", "product_name": "IAMS Naturally Senior Land & Sea Collection 12x85g", "brand": "IAMS Nassfutter", "regular_price": 9.99, "selling_price": 6.69, "price_per_unit": 6.56, "breadcrumbs": "Katze > Katzenfutter > Nassfutter", "description": "100% vollständiges und ausgewogenes Nassfutter mit leicht verdaulichen Zutaten Mit ASC zertifiziertem Lachs aus dem Nordatlantik und Neuseeland-Lamm Enthält Ballaststoffe für eine gesunde Verdauung"}
{"url": "https://www.fressnapf.de/p/miamor-feine-beute-huhn-12x185-g-1310508/", "product_name": "Miamor Feine Beute Huhn 12x185 g", "brand": "Miamor Nassfutter", "regular_price": 15.48, "selling_price": 14.99, "price_per_unit": 6.75, "breadcrumbs": "Katze > Katzenfutter > Nassfutter", "description": "65% Fleisch & Innereien Getreidefrei und artgerecht Beinhaltet alle wichtigen Vitamine und Spurenelemente"}
{"url": "https://www.fressnapf.de/p/miamor-cream-junior-6x15g-1367118/", "product_name": "Miamor Cream Junior 6x15g", "brand": "Miamor Snacks", "regular_price": 0.0, "selling_price": 1.99, "price_per_unit": 0.0, "breadcrumbs": "Katze > Katzenfutter > Snacks", "description": "Servierfertig im Portionsbeutel Speziell für Kitten Besonders cremig"}
{"url": "https://www.fressnapf.de/p/gimcat-expert-line-gastro-intestinal-paste-50-g-1280715/", "product_name": "GimCat Expert Line Gastro Intestinal Paste 50 g", "brand": "GimCat Ergänzungsfutter & Aufzucht", "regular_price": 0.0, "selling_price": 5.49, "price_per_unit": 0.0, "breadcrumbs": "Katze > Katzenfutter > Ergänzungsfutter & Aufzucht", "description": "unterstützt die Verdauung und die Darmflora mit Beta Glucan made in Germany"}
{"url": "https://www.fressnapf.de/p/iams-delights-adult-12x85g-land--sea-collection-1226025/", "product_name": "IAMS Delights Adult 12x85g Land & Sea Collection", "brand": "IAMS Nassfutter", "regular_price": 9.99, "selling_price": 6.49, "price_per_unit": 6.36, "breadcrumbs": "Katze > Katzenfutter > Nassfutter", "description": "Vollwertiges und ausgewogenes Katzenfutter In verschiedenen leckeren Fisch- oder Fleischvarianten Wird Ihre Katze begeistern"}
{"url": "https://www.fressnapf.de/p/vitakraft-cat-yums-huhn--katzengras-9x40-g-1490061/", "product_name": "Vitakraft Cat Yums Huhn & Katzengras 9x40 g", "brand": "Vitakraft Snacks", "regular_price": 0.0, "selling_price": 11.89, "price_per_unit": 0.0, "breadcrumbs": "Katze > Katzenfutter > Snacks", "description": "Saftige Katzensnacks mit sichtbarer Füllung Extra fleischig und mit zartem Huhn und Katzengras Plus Inulin zur Unterstützung der Verdauung"}
{"url": "https://www.fressnapf.de/p/multifit-naturelle-huhn-mit-shrimps-4x50g-1353557/", "product_name": "MultiFit Naturelle Huhn mit Shrimps 4x50g", "brand": "MultiFit Snacks", "regular_price": 0.0, "selling_price": 7.0, "price_per_unit": 0.0, "breadcrumbs": "Katze > Katzenfutter > Snacks", "description": "natürlicher Snack für Katzen ab 6 Monaten wiederverschließbar"}
{"url": "https://www.fressnapf.de/p/royal-canin-expert-gastrointestinal-fibre-response-400-g-1153915/", "product_name": "ROYAL CANIN Expert Gastrointestinal Fibre Response 400 g", "brand": "ROYAL CANIN", "regular_price": 6.95, "selling_price": 6.89, "price_per_unit": 17.22, "breadcrumbs": "PLP > VET Diäten > Katze > Schonkost", "description": "Ausreichender Energiegehalt Optimale Darmtätigkeit Verdauungsunterstützung"}
{"url": "https://www.fressnapf.de/p/vitakraft-cat-liquid-snack-lachs--omega-3-66x15-g-1204581/", "product_name": "Vitakraft Cat Liquid-Snack Lachs & Omega 3 66x15 g", "brand": "Vitakraft Snacks", "regular_price": 0.0, "selling_price": 19.49, "price_per_unit": 0.0, "breadcrumbs": "Katze > Katzenfutter > Snacks", "description": "gelartiger Snack zur individuellen Verfütterung 11 Packungen á 6 Stück ohne künstliche Aromen, Farb- und Konservierungsstoffe"}
{"url": "https://www.fressnapf.de/p/beaphar-malt-paste-250g-1036146/", "product_name": "Beaphar Malt-Paste 250g", "brand": "Beaphar Ergänzungsfutter & Aufzucht", "regular_price": 0.0, "selling_price": 7.49, "price_per_unit": 0.0, "breadcrumbs": "Katze > Katzenfutter > Ergänzungsfutter & Aufzucht", "description": "mit köstlichem Malt fördert den Abgang verschluckter Haare unwiderstehlich"}
{"url": "https://www.fressnapf.de/p/multifit-milky-desserts-88x10g-1204378/", "product_name": "MultiFit Milky Desserts 88x10g", "brand": "MultiFit Snacks", "regular_price": 0.0, "selling_price": 13.09, "price_per_unit": 0.0, "breadcrumbs": "Katze > Katzenfutter > Snacks", "description": "Ideale Belohnung für Schleckermäulchen Mit natürlichem Calcium Ohne Zusatz von Zucker, Farbstoffen und Konservierungsmitteln"}
{"url": "https://www.fressnapf.de/p/sanabelle-senior-400-g-1001050003/", "product_name": "Sanabelle Senior 400 g", "brand": "Sanabelle Trockenfutter", "regular_price": 19.95, "selling_price": 4.69, "price_per_unit": 6.75, "breadcrumbs": "Katze > Katzenfutter > Trockenfutter", "description": "hoher Anteil frisches Geflügelfleisch (20 %) für ältere Katzen ab dem 7./8. Lebensjahr mit Anti-Aging-Effekt"}
{"url": "https://www.fressnapf.de/p/premiere-royal-ragout-thunfisch-18x85-g-1298151/", "product_name": "PREMIERE Royal Ragout Thunfisch 18x85 g", "brand": "PREMIERE Nassfutter", "regular_price": 0.0, "selling_price": 11.76, "price_per_unit": 0.0, "breadcrumbs": "Katze > Katzenfutter > Nassfutter", "description": "saftige Stücke in köstlicher Sauce mit Tierärzten entwickelt ohne künstliche Farb- und Konservierungsmittel"}
{"url": "https://www.fressnapf.de/p/hills-prescription-diet-kd-lachs-12x85-g-1156627/", "product_name": "Hill's Prescription Diet k/d Lachs 12x85 g", "brand": "Hill's", "regular_price": 18.3, "selling_price": 16.49, "price_per_unit": 16.17, "breadcrumbs": "PLP > VET Diäten > Katze > Nierendiät", "description": "Reduzierter Proteingehalt, um durch Aufspaltung von Schadstoffen verursachtes Unwohlsein zu vermeiden Mit extra Omega-3-Fettsäuren aus Fischöl, zur Verbesserung der Blutversorgung der Nieren Der hohe Gehalt an Antioxidantien hilft schädigende freie Radikale zu neutralisieren"}
{"url": "https://www.fressnapf.de/p/real-nature-wilderness-adult-16x100g-great-plains-huhn--kaninchen-1327480/", "product_name": "REAL NATURE WILDERNESS Adult 16x100g Great Plains Huhn & Kaninchen", "brand": "REAL NATURE Nassfutter", "regular_price": 0.0, "selling_price": 27.04, "price_per_unit": 0.0, "breadcrumbs": "Katze > Katzenfutter > Nassfutter", "description": "Ursprüngliche Ernährung nach dem Vorbild der Wildkatze Mit einem sehr hohen Fleischanteil (97%, inkl. Brühe) Getreidefreie Rezeptur"}
{"url": "https://www.fressnapf.de/p/hills-prescription-diet-cd-urinary-stress-lachs-12x85-g-1157433/", "product_name": "Hill's Prescription Diet c/d Urinary Stress Lachs 12x85 g", "brand": "Hill's", "regular_price": 17.85, "selling_price": 15.49, "price_per_unit": 15.19, "breadcrumbs": "PLP > VET Diäten > Katze > Urinary", "description": "Reduziert klinisch nachgewiesen das Risiko eines erneuten Auftretens von Symptomen einer FIC um 89% Enthält L-Tryptophan und Milchproteinhydrolysat zur Minderung von Stress, ein bekannter Risikofaktor für FIC Hervorragender Geschmack, den Ihre Katze lieben wird"}
{"url": "https://www.fressnapf.de/p/multifit-pudding-12x150g-1209458/", "product_name": "MultiFit Pudding 12x150g", "brand": "MultiFit Snacks", "regular_price": 0.0, "selling_price": 19.08, "price_per_unit": 0.0, "breadcrumbs": "Katze > Katzenfutter > Snacks", "description": "Laktosereduziert und mit 91% Milch. Ohne Zusatz von Konservierungs- und Antioxidationsmittel. Ohne Zusatz von Farbstoffen."}
{"url": "https://www.fressnapf.de/p/multifit-naturelle-huhn--kaese-junior-4x50g-1275384/", "product_name": "MultiFit naturelle Huhn & Käse Junior 4x50g", "brand": "MultiFit Snacks", "regular_price": 0.0, "selling_price": 7.0, "price_per_unit": 0.0, "breadcrumbs": "Katze > Katzenfutter > Snacks", "description": "Nur 3,5% Fett Zucker- und getreidefreie Rezeptur Für Katzen ab 6 Wochen"}
{"url": "https://www.fressnapf.de/p/felix-naturally-delicious-wiese-10x80g-1374472/", "product_name": "Felix Naturally Delicious Wiese 10x80g", "brand": "Felix Nassfutter", "regular_price": 0.0, "selling_price": 4.79, "price_per_unit": 0.0, "breadcrumbs": "Katze > Katzenfutter > Nassfutter", "description": "100% komplett und ausgewogen Getreidefreie Rezeptur mit ausgewählten natürlichen Zutaten Ohne künstliche Farb-, Aroma- und Konservierungsstoffe"}
{"url": "https://www.fressnapf.de/p/royal-canin-appetite-control-care-12-x-85-g-1344684/", "product_name": "ROYAL CANIN Appetite Control Care 12 x 85 g", "brand": "ROYAL CANIN Nassfutter", "regular_price": 21.9, "selling_price": 15.99, "price_per_unit": 15.68, "breadcrumbs": "Katze > Katzenfutter > Nassfutter", "description": "Hilft, das Bettelverhalten von Katzen zu kontrollieren Enthält einen speziell angepassten Protein- und Fettgehalt Angereichert mit L-Carnitin, das an einem gesunden Fettstoffwechsel beteiligt ist"}
{"url": "https://www.fressnapf.de/p/miamor-milde-mahlzeit-senior-gefluegel--rind-16x100-g-1101391/", "product_name": "Miamor Milde Mahlzeit Senior Geflügel & Rind 16x100 g", "brand": "Miamor Nassfutter", "regular_price": 15.84, "selling_price": 15.49, "price_per_unit": 9.68, "breadcrumbs": "Katze > Katzenfutter > Nassfutter", "description": "mit Fleischstücken vom Huhn schonende Zubereitung reich an Omega 3"}
{"url": "https://www.fressnapf.de/p/royal-canin-sterilised-7-15-kg-1050841/", "product_name": "ROYAL CANIN Sterilised 7+ 1,5 kg", "brand": "ROYAL CANIN Trockenfutter", "regular_price": 19.9, "selling_price": 18.79, "price_per_unit": 12.53, "breadcrumbs": "Katze > Katzenfutter > Trockenfutter", "description": "Vitalitätskomplex Gewichtskontrolle Unterstützt die Nierenfunktion und Harnwegsfunktion"}
{"url": "https://www.fressnapf.de/p/almo-nature-multipack-thunfisch-6x70g-1359134/", "product_name": "Almo nature Multipack Thunfisch 6x70g", "brand": "Almo nature Nassfutter", "regular_price": 8.7, "selling_price": 5.99, "price_per_unit": 14.26, "breadcrumbs": "Katze > Katzenfutter > Nassfutter", "description": "Bis zu 75% Fisch Ohne Konservierungs- und Farbstoffe Glutenfrei"}
{"url": "https://www.fressnapf.de/p/purina-one-wild-sense-reich-an-lachs-400-g-1373988/", "product_name": "Purina ONE Wild Sense Reich an Lachs 400 g", "brand": "Purina ONE Trockenfutter", "regular_price": 0.0, "selling_price": 4.29, "price_per_unit": 0.0, "breadcrumbs": "Katze > Katzenfutter > Trockenfutter", "description": "73 % tierisches Protein (Anteil an Gesamtprotein) Mit Urkorn wie europäischer Gerste und Hirse Ohne Zusatz von Weizen, Soja oder Mais"}
{"url": "https://www.fressnapf.de/p/applaws-adult-huhn-mit-lamm-2-kg-1228558/", "product_name": "Applaws Adult Huhn mit Lamm 2 kg", "brand": "Applaws Trockenfutter", "regular_price": 0.0, "selling_price": 13.69, "price_per_unit": 0.0, "breadcrumbs": "Katze > Katzenfutter > Trockenfutter", "description": "Mindestens 80% tierische Proteine Frei von Konservierungs-, Aroma- und Farbstoffen Getreidefrei"}
{"url": "https://www.fressnapf.de/p/catz-finefood-nassfutter-katze-purrrr-adult-no-103-huhn-6x200-g-1219359/", "product_name": "Catz finefood Nassfutter Katze Purrrr Adult No. 103 Huhn 6x200 g", "brand": "Catz finefood Nassfutter", "regular_price": 0.0, "selling_price": 13.19, "price_per_unit": 0.0, "breadcrumbs": "Katze > Katzenfutter > Nassfutter", "description": "100% offen deklariert Monoproteinquelle, mit sehr viel Fleisch Mit getreidefreier Rezeptur und zuckerfrei"}
{"url": "https://www.fressnapf.de/p/animonda-vom-feinsten-milkies-6x100g-mit-huhn-milchkern-1354175/", "product_name": "animonda Vom Feinsten Milkies 6x100g mit Huhn & Milchkern", "brand": "animonda Nassfutter", "regular_price": 5.7, "selling_price": 4.14, "price_per_unit": 6.9, "breadcrumbs": "Katze > Katzenfutter > Nassfutter", "description": "fein-stückige Pastete mit Joghurtkern mit ausgewählten, fleischlichen Zutaten ohne Getreide"}
{"url": "https://www.fressnapf.de/p/animonda-vom-feinsten-adult-milde-vielfalt-32x100g-1370491/", "product_name": "animonda Vom Feinsten Adult Milde Vielfalt 32x100g", "brand": "animonda Nassfutter", "regular_price": 33.6, "selling_price": 22.08, "price_per_unit": 6.9, "breadcrumbs": "Katze > Katzenfutter > Nassfutter", "description": "fein-stückige Pasteten ausschließlich aus Putenfleisch einzigartiger Genuss leicht/gut verdaulich, ohne Innereien und Leber"}
{"url": "https://www.fressnapf.de/p/real-nature-wilderness-adult-pure-chicken-16x100-g-1277022/", "product_name": "REAL NATURE WILDERNESS Adult Pure Chicken 16x100 g", "brand": "REAL NATURE Nassfutter", "regular_price": 0.0, "selling_price": 27.04, "price_per_unit": 0.0, "breadcrumbs": "Katze > Katzenfutter > Nassfutter", "description": "Ursprüngliche Ernährung nach dem Vorbild der Wildkatze Mit einem sehr hohen Fleischanteil (97%, inkl. Brühe) Getreidefreie Rezeptur"}
{"url": "https://www.fressnapf.de/p/mjamjam-gute-pute-an-gedaempftem-kuerbis-6x200g-1382703/", "product_name": "MjAMjAM Gute Pute an gedämpftem Kürbis 6x200g", "brand": "MjAMjAM Nassfutter", "regular_price": 10.14, "selling_price": 9.99, "price_per_unit": 8.33, "breadcrumbs": "Katze > Katzenfutter > Nassfutter", "description": "Ohne Getreide Ohne Konservierungs- oder Geschmacksstoffe Ohne Zucker"}
{"url": "https://www.fressnapf.de/p/almo-nature-hfc-6x55g-haehnchenfilet-1156667/", "product_name": "Almo nature HFC 6x55g Hähnchenfilet", "brand": "Almo nature Nassfutter", "regular_price": 6.79, "selling_price": 4.99, "price_per_unit": 15.12, "breadcrumbs": "Katze > Katzenfutter > Nassfutter", "description": "Hochwertige und naturbelassene Rohstoffe Glutenfrei Ohne jegliche Zusatzstoffe"}
{"url": "https://www.fressnapf.de/p/mjamjam-kitten-12x125g-kalb-mit-lachsoel-1382578/", "product_name": "MjAMjAM Kitten 12x125g Kalb mit Lachsöl", "brand": "MjAMjAM Nassfutter", "regular_price": 22.68, "selling_price": 20.99, "price_per_unit": 13.99, "breadcrumbs": "Katze > Katzenfutter > Nassfutter", "description": "Extra hoher Fleischanteil Getreidefrei und naturbelassen Ohne Zusatz von Soja, Zucker & künstlichen Aromastoffen"}
{"url": "https://www.fressnapf.de/p/miamor-ragout-royale-kitten-rind-22x100-g-1100016/", "product_name": "Miamor Ragout Royale Kitten Rind 22x100 g", "brand": "Miamor Nassfutter", "regular_price": 12.98, "selling_price": 10.99, "price_per_unit": 5.0, "breadcrumbs": "Katze > Katzenfutter > Nassfutter", "description": "hergestellt im Vitamin-Schonverfahren mit feinen Ragout-Stückchen ohne Farb- und Konservierungsstoffe"}
{"url": "https://www.fressnapf.de/p/premiere-meat-menu-adult-rind--huhn-6x800-g-1312381/", "product_name": "PREMIERE Meat Menu Adult Rind & Huhn 6x800 g", "brand": "PREMIERE Nassfutter", "regular_price": 0.0, "selling_price": 16.74, "price_per_unit": 0.0, "breadcrumbs": "Katze > Katzenfutter > Nassfutter", "description": "100% Frischfleisch im Fleischanteil Getreidefreie Rezeptur Ohne Zusatz von Soja, Zucker und künstlichen Aromastoffen"}
{"url": "https://www.fressnapf.de/p/multifit-snack-cream-11x7-stueck-pute-1361929/", "product_name": "MultiFit Snack Cream 11x7 Stück Pute", "brand": "MultiFit Snacks", "regular_price": 0.0, "selling_price": 13.09, "price_per_unit": 0.0, "breadcrumbs": "Katze > Katzenfutter > Snacks", "description": "unterstützt das Verdauungssystem ohne Zuckerzusätze servierfertige Portionsbeutel"}
{"url": "https://www.fressnapf.de/p/animonda-carny-kitten-rind-kalb--huhn-12x85-g-1323679/", "product_name": "animonda CARNY Kitten Rind, Kalb & Huhn 12x85 g", "brand": "animonda Nassfutter", "regular_price": 15.0, "selling_price": 10.19, "price_per_unit": 9.99, "breadcrumbs": "Katze > Katzenfutter > Nassfutter", "description": "100% frische fleischliche Zutaten Kleine, zarte Stückchen Mit natürlichem Taurin"}
{"url": "https://www.fressnapf.de/p/beaphar-nierendiaet-16x100g-haehnchenbrust-1100038/", "product_name": "Beaphar Nierendiät 16x100g Hähnchenbrust", "brand": "Beaphar", "regular_price": 0.0, "selling_price": 19.99, "price_per_unit": 0.0, "breadcrumbs": "PLP > VET Diäten > Katze > Nierendiät", "description": "Schonkost bei Nierenproblemen Optimale Verträglichkeit und hohe Akzeptanz reduzierter Phosphorgehalt"}
{"url": "https://www.fressnapf.de/p/miamor-feine-beute-huhn-12x400-g-1310512/", "product_name": "Miamor Feine Beute Huhn 12x400 g", "brand": "Miamor Nassfutter", "regular_price": 23.88, "selling_price": 22.99, "price_per_unit": 4.79, "breadcrumbs": "Katze > Katzenfutter > Nassfutter", "description": "65% Fleisch & Innereien Getreidefrei und artgerecht Beinhaltet alle wichtigen Vitamine und Spurenelemente"}
{"url": "https://www.fressnapf.de/p/royal-canin-veterinary-urinary-so-moderate-calorie-400-g-1302416/", "product_name": "ROYAL CANIN Veterinary Urinary S/O Moderate Calorie 400 g", "brand": "ROYAL CANIN", "regular_price": 7.5, "selling_price": 6.49, "price_per_unit": 16.22, "breadcrumbs": "PLP > VET Diäten > Katze > Urinary", "description": "Moderater Kaloriengehalt Harnverdünnung Niedriger RSS-Wert"}
{"url": "https://www.fressnapf.de/p/real-nature-wilderness-adult-pure-turkey-12x85-g-1270192/", "product_name": "REAL NATURE Wilderness Adult Pure Turkey 12x85 g", "brand": "REAL NATURE Nassfutter", "regular_price": 0.0, "selling_price": 21.48, "price_per_unit": 0.0, "breadcrumbs": "Katze > Katzenfutter > Nassfutter", "description": "Ursprüngliche Ernährung nach dem Vorbild der Wildkatze Mit hohem Fleischanteil: mindestens 97% (inkl. Brühe) Getreidefreie Rezeptur"}
{"url": "https://www.fressnapf.de/p/select-gold-pure-senior-pat-huhn-6x200-g-1327629/", "product_name": "SELECT GOLD Pure Senior Paté Huhn 6x200 g", "brand": "SELECT GOLD Nassfutter", "regular_price": 0.0, "selling_price": 8.94, "price_per_unit": 0.0, "breadcrumbs": "Katze > Katzenfutter > Nassfutter", "description": "Hoher Anteil wertvoller tierischer Proteine Ohne Beigabe von pflanzlichen Kohlenhydratquellen Besonders geeignet bei Unverträglichkeiten"}
{"url": "https://www.fressnapf.de/p/sanabelle-hairskin-2-kg-1001069007/", "product_name": "Sanabelle Hair&Skin 2 kg", "brand": "Sanabelle Trockenfutter", "regular_price": 23.95, "selling_price": 16.69, "price_per_unit": 8.35, "breadcrumbs": "Katze > Katzenfutter > Trockenfutter", "description": "hoher Anteil frisches Geflügelfleisch (20 %) zur Verbesserung der Felleigenschaften ausgewachsener Katzen mit Lachsöl insbesondere für Rassekatzen geeignet"}
{"url": "https://www.fressnapf.de/p/real-nature-wilderness-kitten-12x85g-true-country-huhn--lachs-1270170/", "product_name": "REAL NATURE WILDERNESS Kitten 12x85g True Country Huhn & Lachs", "brand": "REAL NATURE Nassfutter", "regular_price": 0.0, "selling_price": 21.48, "price_per_unit": 0.0, "breadcrumbs": "Katze > Katzenfutter > Nassfutter", "description": "Ursprüngliche Ernährung nach dem Vorbild der Wildkatze Mit einem sehr hohen Fleischanteil (97%, inkl. Brühe) Getreidefreie Rezeptur"}
{"url": "https://www.fressnapf.de/p/kattovit-feline-diet-aufbaukur-huhn-12x185g-1331611/", "product_name": "KATTOVIT Feline Diet Aufbaukur Huhn 12x185g", "brand": "KATTOVIT", "regular_price": 16.68, "selling_price": 15.29, "price_per_unit": 6.89, "breadcrumbs": "PLP > VET Diäten > Katze > Aufbau & Rekonvaleszenz", "description": "Zur ernährungsphysiologischen Wiederherstellung Mit erhöhtem Gehalt an wichtigen Nährstoffen Besonders hoher Energiegehalt in einer leicht verdaulichen Zusammensetzung"}
{"url": "https://www.fressnapf.de/p/real-nature-wilderness-kitten-16x100g-true-country-huhn--lachs-1246890/", "product_name": "REAL NATURE WILDERNESS Kitten 16x100g True Country Huhn & Lachs", "brand": "REAL NATURE Nassfutter", "regular_price": 0.0, "selling_price": 27.04, "price_per_unit": 0.0, "breadcrumbs": "Katze > Katzenfutter > Nassfutter", "description": "Ursprüngliche Ernährung nach dem Vorbild der Wildkatze Mit einem sehr hohen Fleischanteil (97%, inkl. Brühe) Getreidefreie Rezeptur"}
{"url": "https://www.fressnapf.de/p/multifit-its-me-scarlett-sensitive-mit-truthahn-24x85-g-1277542/", "product_name": "MultiFit It's Me Scarlett Sensitive mit Truthahn 24x85 g", "brand": "MultiFit Nassfutter", "regular_price": 0.0, "selling_price": 18.96, "price_per_unit": 0.0, "breadcrumbs": "Katze > Katzenfutter > Nassfutter", "description": "Typgerechtes Alleinfuttermittel für sensible, ausgewachsene Katzen Für eine optimale Verdauung Ohne Zusatz von Zucker, künstlichen Farbstoffen und Konservierungsmitteln"}
{"url": "https://www.fressnapf.de/p/real-nature-wilderness-adult-true-country-12x85g-wide-savannah-lamm--wildschwein-1270191/", "product_name": "REAL NATURE Wilderness Adult True Country 12x85g Wide Savannah Lamm & Wildschwein", "brand": "REAL NATURE Nassfutter", "regular_price": 0.0, "selling_price": 21.48, "price_per_unit": 0.0, "breadcrumbs": "Katze > Katzenfutter > Nassfutter", "description": "Ursprüngliche Ernährung nach dem Vorbild der Wildkatze Mit hohem Fleischanteil: mindestens 97% (inkl. Brühe) Getreidefreie Rezeptur"}
{"url": "https://www.fressnapf.de/p/purina-one-wild-sense-reich-an-huhn-400-g-1373987/", "product_name": "Purina ONE Wild Sense reich an Huhn 400 g", "brand": "Purina ONE Trockenfutter", "regular_price": 0.0, "selling_price": 4.29, "price_per_unit": 0.0, "breadcrumbs": "Katze > Katzenfutter > Trockenfutter", "description": "73 % tierisches Protein (Anteil an Gesamtprotein) Mit Urkorn wie europäischer Gerste und Hirse Ohne Zusatz von Weizen, Soja oder Mais"}
{"url": "https://www.fressnapf.de/p/felix-doppelt-lecker-rind--gefluegel-26x85-g-1321510/", "product_name": "Felix Doppelt Lecker Rind & Geflügel 26x85 g", "brand": "Felix Nassfutter", "regular_price": 0.0, "selling_price": 15.49, "price_per_unit": 0.0, "breadcrumbs": "Katze > Katzenfutter > Nassfutter", "description": "Hergestellt mit hochwertigen Zutaten Doppelter Genuss mit zarten Stückchen Mit Omega-6-Fettsäuren"}
{"url": "https://www.fressnapf.de/p/select-gold-pure-senior-pat-huhn-6x400-g-1327630/", "product_name": "SELECT GOLD Pure Senior Paté Huhn 6x400 g", "brand": "SELECT GOLD Nassfutter", "regular_price": 0.0, "selling_price": 13.74, "price_per_unit": 0.0, "breadcrumbs": "Katze > Katzenfutter > Nassfutter", "description": "Hoher Anteil wertvoller tierischer Proteine Ohne Beigabe von pflanzlichen Kohlenhydratquellen Besonders geeignet bei Unverträglichkeiten"}
{"url": "https://www.fressnapf.de/p/multifit-adult-indoor-trockenfutter-huhn-1-kg-1321835/", "product_name": "MultiFit Adult Indoor Trockenfutter Huhn 1 kg", "brand": "MultiFit Trockenfutter", "regular_price": 0.0, "selling_price": 1.91, "price_per_unit": 0.0, "breadcrumbs": "Katze > Katzenfutter > Trockenfutter", "description": "Voller Geschmack trotz weniger Fett Spezielle Pflanzenfasern reduzieren die Haarballenbildung Reduzierter Stuhlgeruch"}
{"url": "https://www.fressnapf.de/p/purina-one-bifensis-sensitive-truthahn-und-reis-750-g-1396863/", "product_name": "Purina ONE BIFENSIS Sensitive Truthahn und Reis 750 g", "brand": "Purina ONE Trockenfutter", "regular_price": 0.0, "selling_price": 4.19, "price_per_unit": 0.0, "breadcrumbs": "Katze > Katzenfutter > Trockenfutter", "description": "Hohe Verdaulichkeit dank qualitativ hochwertiger Zutaten Gute Stuhlbeschaffenheit mit reduziertem Geruch Recyclebare Verpackung ohne Auswirkung auf Qualität und Geschmack"}
{"url": "https://www.fressnapf.de/p/royal-canin-digestive-care-400-g-1106433/", "product_name": "ROYAL CANIN Digestive Care 400 g", "brand": "ROYAL CANIN Trockenfutter", "regular_price": 30.9, "selling_price": 8.29, "price_per_unit": 12.0, "breadcrumbs": "Katze > Katzenfutter > Trockenfutter", "description": "Hilft, eine gesunde Verdauung zu unterstützen Enthält leicht verdauliche Proteine, Präbiotika (FOS) und Ballaststoffe Unterstützt ein gesundes Gleichgewicht der Darmflora und trägt zu einer optimalen Stuhlqualität bei"}
{"url": "https://www.fressnapf.de/p/premiere-mini-sticks-7x50g-lachs-mit-forelle-1240284/", "product_name": "PREMIERE Mini Sticks 7x50g Lachs mit Forelle", "brand": "PREMIERE Snacks", "regular_price": 0.0, "selling_price": 12.53, "price_per_unit": 0.0, "breadcrumbs": "Katze > Katzenfutter > Snacks", "description": "extra fleischig mit Traubenkernextrakt optimal portionierbar"}
{"url": "https://www.fressnapf.de/p/royal-canin-outdoor-7-2-kg-1003120011/", "product_name": "ROYAL CANIN Outdoor 7+ 2 kg", "brand": "ROYAL CANIN Trockenfutter", "regular_price": 26.9, "selling_price": 23.99, "price_per_unit": 12.0, "breadcrumbs": "Katze > Katzenfutter > Trockenfutter", "description": "Vitalitäts-Komplex Fördert die Aktivität Unterstützt die Nieren- und Harnwegsfunktion"}
{"url": "https://www.fressnapf.de/p/royal-canin-indoor-sterilised-adult-in-gelee-12x85-g-1342016/", "product_name": "ROYAL CANIN Indoor Sterilised Adult in Gelee 12x85 g", "brand": "ROYAL CANIN Nassfutter", "regular_price": 18.8, "selling_price": 14.49, "price_per_unit": 14.21, "breadcrumbs": "Katze > Katzenfutter > Nassfutter", "description": "Instinktive Präferenz der Katze Fördert eine gesunde Harnwegsfunktion Unterstützt eine gesunde Verdauung"}
{"url": "https://www.fressnapf.de/p/felix-soup-tender-strips-suppe-6x48g-rind-huhn-lamm-1351341/", "product_name": "Felix Soup Tender Strips Suppe 6x48g Rind, Huhn, Lamm", "brand": "Felix Nassfutter", "regular_price": 2.39, "selling_price": 2.29, "price_per_unit": 7.95, "breadcrumbs": "Katze > Katzenfutter > Nassfutter", "description": "Für mehr Abwechslung im Futternapf Hergestellt mit hochwertigen Zutaten Ohne Zusatz von Farbstoffen oder künstlichen Aroma- & Konservierungsstoffen"}
{"url": "https://www.fressnapf.de/p/perfect-fit-beutel-sterile-1-mit-huhn-14-kg-1497427/", "product_name": "PERFECT FIT Beutel Sterile 1+ mit Huhn 1,4 kg", "brand": "PERFECT FIT Trockenfutter", "regular_price": 0.0, "selling_price": 6.49, "price_per_unit": 0.0, "breadcrumbs": "Katze > Katzenfutter > Trockenfutter", "description": "Mit B-Vitaminen und Eisen angereichert, um die Beweglichkeit zu erhalten Unterstützt die ganzheitliche Gesundheit des Körpers Total-5-Formel bietet fünffachen Rundumschutz"}
{"url": "https://www.fressnapf.de/p/gimcat-kaese-rollis-140g-1326665/", "product_name": "GimCat Käse-Rollis 140g", "brand": "GimCat Snacks", "regular_price": 0.0, "selling_price": 3.99, "price_per_unit": 0.0, "breadcrumbs": "Katze > Katzenfutter > Snacks", "description": "Mit echtem italienischen Hartkäse hergestellt Getreidefrei Ohne Zuckerzusatz hergestellt"}
{"url": "https://www.fressnapf.de/p/thrive-cat-complete-12x75g-huehnerbrust-1264241/", "product_name": "Thrive Cat Complete 12x75g Hühnerbrust", "brand": "Thrive Nassfutter", "regular_price": 0.0, "selling_price": 13.99, "price_per_unit": 0.0, "breadcrumbs": "Katze > Katzenfutter > Nassfutter", "description": "weizen- und glutenfrei leicht verdaulich je nach Sorte Fleisch oder Fisch als einzige tierische Proteinquelle"}
{"url": "https://www.fressnapf.de/p/mjamjam---monopaket-1-12x125g-1374427/", "product_name": "MjAMjAM - Monopaket 1 (12x125g)", "brand": "MjAMjAM Nassfutter", "regular_price": 0.0, "selling_price": 17.99, "price_per_unit": 0.0, "breadcrumbs": "Katze > Katzenfutter > Nassfutter", "description": "Ohne Getreide Ohne Konservierungs- oder Geschmacksstoffe Ohne Zucker"}
{"url": "https://www.fressnapf.de/p/felix-knabbermix-jumbo-pack-330g-dreikaesehoch-1381075/", "product_name": "Felix Knabbermix Jumbo Pack 330g Dreikäsehoch", "brand": "Felix Snacks", "regular_price": 0.0, "selling_price": 6.79, "price_per_unit": 0.0, "breadcrumbs": "Katze > Katzenfutter > Snacks", "description": "In 2 leckeren Sorten Mit Proteinen, Vitaminen und Omega 6 Fettsäuren Bunter Mix aus Snacks in vielen verschiedenen Formen"}
{"url": "https://www.fressnapf.de/p/felix-knabbermix-original--strandspass-katzensnacks-2-x-8-beutel--60g-1364343/", "product_name": "Felix KnabberMix Original & Strandspaß Katzensnacks 2 x 8 Beutel à 60g", "brand": "Felix Snacks", "regular_price": 16.49, "selling_price": 15.99, "price_per_unit": 16.66, "breadcrumbs": "Katze > Katzenfutter > Snacks", "description": "FELIX Original Snack mit Huhn-, Leber und Truthahngeschmack FELIX Strandspaß mit Lachs-, Seelachs- und Forellengeschmack Ohne Zusatz künstlicher Geschmacks- oder Farbstoffe"}
{"url": "https://www.fressnapf.de/p/multifit-its-me-elvis-adult-huhn-14-kg-1273416004/", "product_name": "MultiFit It's Me Elvis Adult Huhn 1,4 kg", "brand": "MultiFit Trockenfutter", "regular_price": 0.0, "selling_price": 3.59, "price_per_unit": 0.0, "breadcrumbs": "Katze > Katzenfutter > Trockenfutter", "description": "Haut & Fell Unterstützng Vitalität Unterstützung der Zahnpflege"}
{"url": "https://www.fressnapf.de/p/whiskas-multipack-junior-klassische-auswahl-in-sauce-12-x-85g-1412435/", "product_name": "Whiskas Multipack Junior Klassische Auswahl in Sauce 12 x 85g", "brand": "Whiskas Nassfutter", "regular_price": 0.0, "selling_price": 4.99, "price_per_unit": 0.0, "breadcrumbs": "Katze > Katzenfutter > Nassfutter", "description": "deckt alle täglichen Bedürfnisse deines Kätzchens mit Kalzium zur Unterstützung des Aufbaus starker Knochen & Zähne hochwertige Proteine zur Erleichterung der Verdauung"}
{"url": "https://www.fressnapf.de/p/premiere-cats-love-nature-deluxe-ragout-mit-huhn-lachs--reis-24x100-g-1241778/", "product_name": "PREMIERE cats love nature Deluxe Ragout mit Huhn, Lachs & Reis 24x100 g", "brand": "PREMIERE Nassfutter", "regular_price": 0.0, "selling_price": 14.16, "price_per_unit": 0.0, "breadcrumbs": "Katze > Katzenfutter > Nassfutter", "description": "Mit funktionellen Zutaten, um das Wohlbefinden der Katze zu steigern Taurin kann zur Stärkung der Sehkraft beitragen und den Herzmuskel unterstützen Ohne Zusatz von Zucker, künstlichen Farb- & Aromastoffen und Konservierungsmitteln"}
{"url": "https://www.fressnapf.de/p/beaphar-lachsoel-paste-katze-100g-1274516/", "product_name": "Beaphar Lachsöl Paste Katze 100g", "brand": "Beaphar Ergänzungsfutter & Aufzucht", "regular_price": 0.0, "selling_price": 5.79, "price_per_unit": 0.0, "breadcrumbs": "Katze > Katzenfutter > Ergänzungsfutter & Aufzucht", "description": "Mit 20% atlantischem Lachsöl Ohne Zucker-Zusatz Getreidefreie Katzenpaste"}
{"url": "https://www.fressnapf.de/p/whiskas-dentabites-huhn-8x40g-1331552/", "product_name": "Whiskas Dentabites Huhn 8x40g", "brand": "Whiskas Snacks", "regular_price": 12.4, "selling_price": 11.79, "price_per_unit": 36.84, "breadcrumbs": "Katze > Katzenfutter > Snacks", "description": "hilft Zahnstein einzuschränken unterstützt starke Zähne und gesundes Zahnfleisch zur täglichen Zahnpflege"}
{"url": "https://www.fressnapf.de/p/select-gold-adult-acceptance-huhn-mit-leber--lachs-6x200-g-1322170/", "product_name": "SELECT GOLD Adult Acceptance Huhn mit Leber & Lachs 6x200 g", "brand": "SELECT GOLD Nassfutter", "regular_price": 0.0, "selling_price": 5.0, "price_per_unit": 0.0, "breadcrumbs": "Katze > Katzenfutter > Nassfutter", "description": "Ideal für wählerische Katzen Der erhöhte Anteil schmackhafter Leber kann die Akzeptanz des Futters fördern Getreidefrei Rezeptur"}
{"url": "https://www.fressnapf.de/p/real-nature-original-adult-mixpaket-12x85-g-1324427/", "product_name": "REAL NATURE Original Adult Mixpaket 12x85 g", "brand": "REAL NATURE Nassfutter", "regular_price": 0.0, "selling_price": 17.88, "price_per_unit": 0.0, "breadcrumbs": "Katze > Katzenfutter > Nassfutter", "description": "Naturnahe Ernährung Hochwertige Proteine Ohne Zusatz von künstlichen Konservierungs-, Farb- und Aromastoffen"}
{"url": "https://www.fressnapf.de/p/hills-prescription-diet-kd-kidney-care-15-kg-1153409/", "product_name": "Hill's Prescription Diet k/d Kidney Care 1,5 kg", "brand": "Hill's", "regular_price": 21.6, "selling_price": 20.99, "price_per_unit": 13.99, "breadcrumbs": "PLP > VET Diäten > Katze > Nierendiät", "description": "Steigerung des Appetits und der Kalorienaufnahme für Katzen mit Nierenerkrankungen Reduzierter Phosphorgehalt und niedriger Natriumgehalt, zur Unterstützung der Nieren- und Herzgesundheit Verbessertes Aminosäureprofil unterstützt den Aufbau von schlanker Muskelmasse"}
{"url": "https://www.fressnapf.de/p/miamor-ragout-royale-in-sauce-truthahn--wild-22x100-g-1100017/", "product_name": "Miamor Ragout Royale in Sauce Truthahn & Wild 22x100 g", "brand": "Miamor Nassfutter", "regular_price": 12.98, "selling_price": 11.49, "price_per_unit": 5.22, "breadcrumbs": "Katze > Katzenfutter > Nassfutter", "description": "ohne Farb- und Konservierungsstoffe hergestellt im Vitamin-Schonverfahren voller saftiger Stückchen"}
{"url": "https://www.fressnapf.de/p/multifit-adult-special-sauce-fish--classic-mix-multipack-12x100-g-1316430/", "product_name": "MultiFit Adult Special Sauce Fish & Classic Mix Multipack 12x100 g", "brand": "MultiFit Nassfutter", "regular_price": 0.0, "selling_price": 2.39, "price_per_unit": 0.0, "breadcrumbs": "Katze > Katzenfutter > Nassfutter", "description": "Mit Taurin zur Unterstützung der Herz- und Sehfunktion Ohne Zuckerzusatz, Farbstoffe und Konservierungsmittel für hohe Qualität Für ein glänzendes Fell und eine schöne Haut"}
{"url": "https://www.fressnapf.de/p/petbalance-lifestart-kitten-paste-100g-1002684004/", "product_name": "PetBalance Lifestart Kitten Paste 100g", "brand": "PetBalance Ergänzungsfutter & Aufzucht", "regular_price": 0.0, "selling_price": 7.49, "price_per_unit": 0.0, "breadcrumbs": "Katze > Katzenfutter > Ergänzungsfutter & Aufzucht", "description": "enthält FOS, Papaya und Ananas für optimale Unterstützung von Katzenwelpen und Muttertieren hochwertige und schmackhafte Paste, lässt sich auch direkt aus der Tube füttern einfach im Gebrauch"}
{"url": "https://www.fressnapf.de/p/perfect-fit-active-1-mit-rind-6x750-g-1390913/", "product_name": "PERFECT FIT Active 1+ mit Rind 6x750 g", "brand": "PERFECT FIT Trockenfutter", "regular_price": 0.0, "selling_price": 29.99, "price_per_unit": 0.0, "breadcrumbs": "Katze > Katzenfutter > Trockenfutter", "description": "Hilft die Vitalität zu erhalten, mit B-Vitaminen und Eisen angereichert Unterstützt die ganzheitliche Gesundheit des Körpers Total-5-Formel bietet fünffachen Rundumschutz"}
{"url": "https://www.fressnapf.de/p/gimcat-nuti-pockets-malz-vitamin-mix-2x150-g-1371633/", "product_name": "GimCat Nuti Pockets Malz-Vitamin Mix 2x150 g", "brand": "GimCat Snacks", "regular_price": 0.0, "selling_price": 4.99, "price_per_unit": 0.0, "breadcrumbs": "Katze > Katzenfutter > Snacks", "description": "Steigerung des Wohlbefindens Stärkt das Immunsystem Leckere Füllung"}
{"url": "https://www.fressnapf.de/p/premiere-meat-menu-adult-300-g-1330871/", "product_name": "PREMIERE Meat Menu Adult 300 g", "brand": "PREMIERE Trockenfutter", "regular_price": 0.0, "selling_price": 2.99, "price_per_unit": 0.0, "breadcrumbs": "Katze > Katzenfutter > Trockenfutter", "description": "Extra hoher Fleischanteil Optimal abgestimmt auf die Ernährung ausgewachsener Katzen Ohne Zusatz von Soja, Zucker und künstlichen Farbstoffen"}
{"url": "https://www.fressnapf.de/p/lilys-kitchen-nassfutter-katze-shredded-fillets-multipack-8x70-g-1357194/", "product_name": "LILY'S KITCHEN Nassfutter Katze Shredded Fillets Multipack 8x70 g", "brand": "LILY'S KITCHEN Nassfutter", "regular_price": 0.0, "selling_price": 11.99, "price_per_unit": 0.0, "breadcrumbs": "Katze > Katzenfutter > Nassfutter", "description": "Vollwertig, ausgewogen und getreidefrei Hergestellt mit echtem Fleisch und Fisch ohne Zuckerzusatz Leckere Stücke in reichhaltiger Soße"}
{"url": "https://www.fressnapf.de/p/select-gold-pure-kitten-pat-6x400-g-1327628/", "product_name": "SELECT GOLD Pure Kitten Paté 6x400 g", "brand": "SELECT GOLD Nassfutter", "regular_price": 0.0, "selling_price": 13.74, "price_per_unit": 0.0, "breadcrumbs": "Katze > Katzenfutter > Nassfutter", "description": "Hoher Anteil wertvoller tierischer Proteine Ohne Beigabe von pflanzlichen Kohlenhydratquellen Besonders geeignet bei Unverträglichkeiten"}
{"url": "https://www.fressnapf.de/p/catz-finefood-nassfutter-katze-bio-adult-multipack-6x85-g-1298149/", "product_name": "Catz finefood Nassfutter Katze Bio Adult Multipack 6x85 g", "brand": "Catz finefood Nassfutter", "regular_price": 0.0, "selling_price": 11.29, "price_per_unit": 0.0, "breadcrumbs": "Katze > Katzenfutter > Nassfutter", "description": "keine Verwendung von Formfleisch oder Knochenmehlen kein Getreide kein Zusatz von Zucker, Farb- oder Aromastoffen"}
{"url": "https://www.fressnapf.de/p/mjamjam-kitten---kalb-mit-lachsoel-6-x-200-g-1382580/", "product_name": "MjAMjAM Kitten - Kalb mit Lachsöl 6 x 200 g", "brand": "MjAMjAM Nassfutter", "regular_price": 10.74, "selling_price": 10.49, "price_per_unit": 8.74, "breadcrumbs": "Katze > Katzenfutter > Nassfutter", "description": "Ohne Getreide Ohne Konservierungs- oder Geschmacksstoffe Ohne Zucker"}
{"url": "https://www.fressnapf.de/p/royal-canin-maine-coon-kitten-4-kg-1044102/", "product_name": "ROYAL CANIN Maine Coon Kitten 4 kg", "brand": "ROYAL CANIN Trockenfutter", "regular_price": 56.9, "selling_price": 39.14, "price_per_unit": 9.79, "breadcrumbs": "Katze > Katzenfutter > Trockenfutter", "description": "Unterstützt die gesunde, lange Wachstumsperiode Fördert eine gesunde Verdauung Hilft beim Aufbau der natürlichen Abwehrkräfte"}
{"url": "https://www.fressnapf.de/p/gimcat-expert-line-taurine-paste-extra-50-g-1280714/", "product_name": "GimCat Expert Line Taurine Paste Extra 50 g", "brand": "GimCat Ergänzungsfutter & Aufzucht", "regular_price": 0.0, "selling_price": 5.49, "price_per_unit": 0.0, "breadcrumbs": "Katze > Katzenfutter > Ergänzungsfutter & Aufzucht", "description": "unterstützt Herzfunktion und Sehkraft sichert die ausreichende Taurinversorgung Made in Germany"}
{"url": "https://www.fressnapf.de/p/kattovit-gastro-12x85g-ente-1348211/", "product_name": "KATTOVIT Gastro 12x85g Ente", "brand": "KATTOVIT", "regular_price": 10.68, "selling_price": 9.49, "price_per_unit": 9.3, "breadcrumbs": "PLP > VET Diäten > Katze > Schonkost", "description": "Mit bekömmlichen Proteinquellen Geringer Rohfaser- & Fettgehalt Erhöhter Elektrolytgehalt"}
{"url": "https://www.fressnapf.de/p/iams-delights-kitten-huhn-in-sauce-12x85g-1226027/", "product_name": "IAMS Delights Kitten Huhn in Sauce 12x85g", "brand": "IAMS Nassfutter", "regular_price": 9.99, "selling_price": 6.49, "price_per_unit": 6.36, "breadcrumbs": "Katze > Katzenfutter > Nassfutter", "description": "Vollwertiges und ausgewogenes Katzenfutter Für heranwachsende Katzen In schmackhafter Sauce"}
{"url": "https://www.fressnapf.de/p/royal-canin-veterinary-diabetic-15-kg-1151606/", "product_name": "ROYAL CANIN Veterinary Diabetic 1,5 kg", "brand": "ROYAL CANIN", "regular_price": 27.95, "selling_price": 26.49, "price_per_unit": 17.66, "breadcrumbs": "PLP > VET Diäten > Katze > Diabetes", "description": "Kann einen direkten Einfluss auf den Blutzuckerspiegel haben Hoher Proteingehalt Rezeptur mit reduziertem Stärkeanteil unterstützt die Kontrolle von postprandial erhöhtem Blutzucker"}
{"url": "https://www.fressnapf.de/p/gimcat-duo-paste-anti-hairball-anti-hairball-huehnchen--malz-50-g-1394323/", "product_name": "GimCat Duo-Paste Anti Hairball Anti-Hairball Hühnchen + Malz 50 g", "brand": "GimCat Snacks", "regular_price": 0.0, "selling_price": 3.99, "price_per_unit": 0.0, "breadcrumbs": "Katze > Katzenfutter > Snacks", "description": "Fördert Abgang verschluckter Haare Hervorragend als Belohnung im Training Glutenfrei"}
{"url": "https://www.fressnapf.de/p/catz-finefood-nassfutter-katze-classic-adult-no-25-huhn--thunfisch-6x800-g-1099279/", "product_name": "Catz finefood Nassfutter Katze Classic Adult No. 25 Huhn & Thunfisch 6x800 g", "brand": "Catz finefood Nassfutter", "regular_price": 0.0, "selling_price": 24.99, "price_per_unit": 0.0, "breadcrumbs": "Katze > Katzenfutter > Nassfutter", "description": "100% offen deklariert zuckerfrei mit getreidefreier Rezeptur"}
{"url": "https://www.fressnapf.de/p/sanabelle-grande-2-kg-1029784/", "product_name": "Sanabelle Grande 2 kg", "brand": "Sanabelle Trockenfutter", "regular_price": 22.95, "selling_price": 18.49, "price_per_unit": 9.25, "breadcrumbs": "Katze > Katzenfutter > Trockenfutter", "description": "hoher Anteil frisches Geflügelfleisch (20 %) für ausgewachsende Katzen großer Rassen (große Krokette) mit Aufbaustoffen für den Knorpel (cartilage care)"}
{"url": "https://www.fressnapf.de/p/happy-cat-minkas-sterilised-gefluegel-15-kg-1234026003/", "product_name": "HAPPY CAT Minkas Sterilised Geflügel 1,5 kg", "brand": "HAPPY CAT Trockenfutter", "regular_price": 0.0, "selling_price": 6.49, "price_per_unit": 0.0, "breadcrumbs": "Katze > Katzenfutter > Trockenfutter", "description": "Unterstützt den Stoffwechsel kastrierter Katzen Mit Omega-3- und Omega-6-Fettsäuren Mit vielen wertvollen Vitaminen"}
{"url": "https://www.fressnapf.de/p/schesir-gelee-24x85g-thunfisch-mit-rinderfilet-1101187/", "product_name": "Schesir Gelee 24x85g Thunfisch mit Rinderfilet", "brand": "Schesir Nassfutter", "regular_price": 0.0, "selling_price": 23.49, "price_per_unit": 0.0, "breadcrumbs": "Katze > Katzenfutter > Nassfutter", "description": "ausschliesslich Inhaltsstoffe erster Wahl Katzenfutter mit Vitaminen und Taurin mit pflanzlichem Geliermittel"}
{"url": "https://www.fressnapf.de/p/premiere-kitten-mischfuetterung-set-2tlg1-1315795/", "product_name": "PREMIERE Kitten Mischfütterung Set 2tlg.1", "brand": "PREMIERE Nassfutter", "regular_price": 0.0, "selling_price": 21.43, "price_per_unit": 0.0, "breadcrumbs": "Katze > Katzenfutter > Nassfutter", "description": "Hoher Anteil an tierischem Protein Ohne Soja- oder Zuckerersatz Speziell für Katzenwelpen: unterstützt das optimale Wachstum"}
{"url": "https://www.fressnapf.de/p/whiskas-knuspertaschen-8x60g-huhn--kaese-1331553/", "product_name": "Whiskas Knuspertaschen 8x60g Huhn & Käse", "brand": "Whiskas Snacks", "regular_price": 12.4, "selling_price": 11.69, "price_per_unit": 24.35, "breadcrumbs": "Katze > Katzenfutter > Snacks", "description": "köstliche Leckerbissen mit saftigem Kern"}
{"url": "https://www.fressnapf.de/p/real-nature-adult-multipack-4x100g-1367581/", "product_name": "REAL NATURE Adult Multipack 4x100g", "brand": "REAL NATURE Nassfutter", "regular_price": 0.0, "selling_price": 4.99, "price_per_unit": 0.0, "breadcrumbs": "Katze > Katzenfutter > Nassfutter", "description": "Ohne Zusatz von Zucker, Farb- und Aromastoffen oder Emulgatoren Mit frischem Huhn und Kaninchen Mit Omega-3-Fettsäuren"}
{"url": "https://www.fressnapf.de/p/real-nature-wilderness-gefriergetrocknete-huehnerherzen-6x25g-1346692/", "product_name": "REAL NATURE WILDERNESS Gefriergetrocknete Hühnerherzen 6x25g", "brand": "REAL NATURE Snacks", "regular_price": 0.0, "selling_price": 22.14, "price_per_unit": 0.0, "breadcrumbs": "Katze > Katzenfutter > Snacks", "description": "schonend gefriergetrocknet 100% Hühnerherzen ohne Zusatz von künstlichen Konservierungsmitteln, Farb- und Aromastoffen"}
{"url": "https://www.fressnapf.de/p/moments-my-soup-huhn--thunfisch-12x40-g-1312188/", "product_name": "MOMENTS My Soup Huhn & Thunfisch 12x40 g", "brand": "MOMENTS Nassfutter", "regular_price": 0.0, "selling_price": 9.48, "price_per_unit": 0.0, "breadcrumbs": "Katze > Katzenfutter > Nassfutter", "description": "Genuss pur, da schonend gegart und ohne Zusatzstoffe Naturbelassene Stückchen in schmackhafter Flüssigkeit Köstliche Leckerei für gemeinsame Verwöhnmomente"}
{"url": "https://www.fressnapf.de/p/real-nature-original-senior-mixpaket-12x85-g-1324428/", "product_name": "REAL NATURE Original Senior Mixpaket 12x85 g", "brand": "REAL NATURE Nassfutter", "regular_price": 0.0, "selling_price": 17.88, "price_per_unit": 0.0, "breadcrumbs": "Katze > Katzenfutter > Nassfutter", "description": "Kein Tier- und Knochenmehl Keine künstlichen Zusatz- und Konservierungsstoffe Ehrliche Deklaration: Was drin ist, steht auch drauf"}
{"url": "https://www.fressnapf.de/p/mjamjam-kitten-saftiges-huehnchen-mit-lachsoel-6x800g-1366091/", "product_name": "MjAMjAM Kitten saftiges Hühnchen mit Lachsöl 6x800g", "brand": "MjAMjAM Nassfutter", "regular_price": 28.14, "selling_price": 24.49, "price_per_unit": 5.1, "breadcrumbs": "Katze > Katzenfutter > Nassfutter", "description": "Extra hoher Fleischanteil Getreidefrei und naturbelassen Ohne Zusatz von Soja, Zucker und künstlichen Aroma- und Lockstoffen"}
{"url": "https://www.fressnapf.de/p/royal-canin-veterinary-satiety-weight-management-15-kg-1229758/", "product_name": "ROYAL CANIN Veterinary Satiety Weight Management 1,5 kg", "brand": "ROYAL CANIN", "regular_price": 73.75, "selling_price": 22.49, "price_per_unit": 11.5, "breadcrumbs": "PLP > VET Diäten > Katze > Übergewicht", "description": "Effiziente Gewichtsreduktion und -kontrolle Kontrolle des Bettelverhaltens Erhalt der Muskelmasse"}
{"url": "https://www.fressnapf.de/p/whiskas-multipack-11-gefluegel-auswahl-in-gelee-12-x-85g-1412418/", "product_name": "Whiskas Multipack 11+ Geflügel Auswahl in Gelee 12 x 85g", "brand": "Whiskas Nassfutter", "regular_price": 0.0, "selling_price": 4.99, "price_per_unit": 0.0, "breadcrumbs": "Katze > Katzenfutter > Nassfutter", "description": "deckt alle täglichen Bedürfnisse deiner 11+ Katze ausgewogener Mineralstoffgehalt zur Unterstützung gesunder Harnwege Mit Taurin zur Unterstützung eines gesunden Herzens"}
{"url": "https://www.fressnapf.de/p/whiskas-tasty-mix-mega-pack-chefs-choice-in-sauce-40-x-85g-1410720/", "product_name": "Whiskas Tasty Mix Mega Pack Chef's Choice in Sauce 40 x 85g", "brand": "Whiskas Nassfutter", "regular_price": 0.0, "selling_price": 13.99, "price_per_unit": 0.0, "breadcrumbs": "Katze > Katzenfutter > Nassfutter", "description": "Leckere Geschmackskombinationen in einer köstlichen Mischung Enthält wichtige Nährstoffe, Vitamine und Mineralstoffe Mit vier aufregenden Rezepturen"}
{"url": "https://www.fressnapf.de/p/animonda-carny-adult-single-protein-mix-6x200-g-1353402/", "product_name": "animonda CARNY Adult Single Protein Mix 6x200 g", "brand": "animonda Nassfutter", "regular_price": 10.14, "selling_price": 7.64, "price_per_unit": 6.37, "breadcrumbs": "Katze > Katzenfutter > Nassfutter", "description": "mit nur einer tierische Eiweißquelle 100% frische fleischliche Zutaten ohne Getreide, ohne Zucker, ohne Soja"}
{"url": "https://www.fressnapf.de/p/miamor-feine-beute-kitten-12x185-g-1310511/", "product_name": "Miamor Feine Beute Kitten 12x185 g", "brand": "Miamor Nassfutter", "regular_price": 15.48, "selling_price": 14.99, "price_per_unit": 6.75, "breadcrumbs": "Katze > Katzenfutter > Nassfutter", "description": "65% Fleisch & Innereien Getreidefrei und artgerecht Beinhaltet alle wichtigen Vitamine und Spurenelemente"}
{"url": "https://www.fressnapf.de/p/kattovit-feline-diet-diabetes-12x185g-1331612/", "product_name": "KATTOVIT Feline Diet Diabetes 12x185g", "brand": "KATTOVIT", "regular_price": 16.68, "selling_price": 15.29, "price_per_unit": 6.89, "breadcrumbs": "PLP > VET Diäten > Katze > Diabetes", "description": "Zur Regulierung der Glucoseversorgung Zur Verringerung von Übergewicht Niedriger Kohlenhydratgehalt; mit hochwertigen Proteinen"}
{"url": "https://www.fressnapf.de/p/gimcat-yoghurt-8x150g-1204041/", "product_name": "GimCat Yoghurt 8x150g", "brand": "GimCat Snacks", "regular_price": 0.0, "selling_price": 11.89, "price_per_unit": 0.0, "breadcrumbs": "Katze > Katzenfutter > Snacks", "description": "laktosereduziert Extra-Portion Calcium"}
{"url": "https://www.fressnapf.de/p/whiskas-tasty-mix-multipack-fish-of-the-day-in-sauce-12-x-85g-1412428/", "product_name": "Whiskas Tasty Mix Multipack Fish of the Day in Sauce 12 x 85g", "brand": "Whiskas Nassfutter", "regular_price": 0.0, "selling_price": 4.99, "price_per_unit": 0.0, "breadcrumbs": "Katze > Katzenfutter > Nassfutter", "description": "Leckere Geschmackskombinationen in einer köstlichen Mischung Enthält wichtige Nährstoffe, Vitamine und Mineralstoffe Mit vier aufregenden Fisch Rezepturen"}
{"url": "https://www.fressnapf.de/p/premiere-my-cream-11x6x15g-huhn--heidelbeeren-1323976/", "product_name": "PREMIERE My Cream 11x6x15g Huhn & Heidelbeeren", "brand": "PREMIERE Snacks", "regular_price": 0.0, "selling_price": 17.49, "price_per_unit": 0.0, "breadcrumbs": "Katze > Katzenfutter > Snacks", "description": "mit Superfood Cranberries oder Heidelbeere – besonders vitaminreich ein natürlicher Snack als Belohnung nach dem Training"}
{"url": "https://www.fressnapf.de/p/kattovit-spezial-cream-niererenal-mit-huhn-11x6x15g-1362239/", "product_name": "KATTOVIT Spezial-Cream Niere/Renal mit Huhn 11x6x15g", "brand": "KATTOVIT Ergänzungsfutter & Aufzucht", "regular_price": 25.19, "selling_price": 22.49, "price_per_unit": 22.72, "breadcrumbs": "Katze > Katzenfutter > Ergänzungsfutter & Aufzucht", "description": "Ausgewogener Phosphorgehalt Proteinreduziert Ohne Zucker, ohne Farbstoffe, ohne Konservierungsstoffe, ohne Geschmacksverstärker"}
{"url": "https://www.fressnapf.de/p/animonda-carny-adult-multifleisch-cocktail-12x85-g-1323586/", "product_name": "animonda CARNY Adult Multifleisch Cocktail 12x85 g", "brand": "animonda Nassfutter", "regular_price": 15.0, "selling_price": 8.24, "price_per_unit": 8.08, "breadcrumbs": "Katze > Katzenfutter > Nassfutter", "description": "100% frische fleischliche Zutaten Sichtbare, fleischliche Stücke Unverfälschter Genuss"}
{"url": "https://www.fressnapf.de/p/royal-canin-veterinary-renal-mousse-12x85g-1342251/", "product_name": "ROYAL CANIN Veterinary RENAL Mousse 12x85g", "brand": "ROYAL CANIN", "regular_price": 0.0, "selling_price": 16.49, "price_per_unit": 0.0, "breadcrumbs": "PLP > VET Diäten > Katze > Nierendiät", "description": "Unterstützung der Nierenfunktion Angepasster Energiegehalt Aromatische Auswahl"}
{"url": "https://www.fressnapf.de/p/mjamjam-snack-box-vorzuegliches-kalbsfilet-35-g-1321493/", "product_name": "MjAMjAM Snack-Box vorzügliches Kalbsfilet, 35 g", "brand": "MjAMjAM Snacks", "regular_price": 0.0, "selling_price": 5.19, "price_per_unit": 0.0, "breadcrumbs": "Katze > Katzenfutter > Snacks", "description": "Ganz ohne Getreide und Gluten Mono-Protein Extra hoher Fleischanteil"}
{"url": "https://www.fressnapf.de/p/cats-love-nassfutter-katze-adult-in-gelee-mix-kalb--truthahn-mit-katzenminze--leinoel-12x85-g-1274352/", "product_name": "CAT'S LOVE Nassfutter Katze Adult in Gelee Mix Kalb & Truthahn mit Katzenminze & Leinöl 12x85 g", "brand": "CAT'S LOVE Nassfutter", "regular_price": 0.0, "selling_price": 13.99, "price_per_unit": 0.0, "breadcrumbs": "Katze > Katzenfutter > Nassfutter", "description": "getreidefreie Rezeptur 71% Fleisch- oder Fischanteil in Premium-Qualität 100% natürlich und OHNE künstliche Farb- und Lockstoffe, Zuckerzusatz, Konservierungsmittel, Gluten, Laktose, Tierversuche"}
{"url": "https://www.fressnapf.de/p/animonda-vom-feinsten-adult-mit-milchkern-32x100g-mit-huhn-joghurtkern-1339106/", "product_name": "animonda Vom Feinsten Adult mit Milchkern 32x100g mit Huhn & Joghurtkern", "brand": "animonda Nassfutter", "regular_price": 31.68, "selling_price": 22.08, "price_per_unit": 6.9, "breadcrumbs": "Katze > Katzenfutter > Nassfutter", "description": "Fein-stückige Pastete mit Milchkern Mit ausgewählten, fleischlichen Zutaten Ohne Getreide"}
{"url": "https://www.fressnapf.de/p/royal-canin-indoor-long-hair-400-g-1031036/", "product_name": "ROYAL CANIN Indoor Long Hair 400 g", "brand": "ROYAL CANIN Trockenfutter", "regular_price": 6.9, "selling_price": 6.79, "price_per_unit": 16.97, "breadcrumbs": "Katze > Katzenfutter > Trockenfutter", "description": "Reduziert die Haarballenbildung und den Stuhlgeruch Gesunde Haut und schönes Fell Unterstützt die Harnwegsfunktion"}
{"url": "https://www.fressnapf.de/p/felix-sensations-gelees-forelle--spinat-26x85-g-1321572/", "product_name": "Felix Sensations Gelees Forelle & Spinat 26x85 g", "brand": "Felix Nassfutter", "regular_price": 0.0, "selling_price": 15.49, "price_per_unit": 0.0, "breadcrumbs": "Katze > Katzenfutter > Nassfutter", "description": "Hergestellt mit hochwertigen Zutaten 100% komplett & ausgewogen Mit Omega-6-Fettsäuren"}
{"url": "https://www.fressnapf.de/p/select-gold-pure-kitten-pat-6x200-g-1327627/", "product_name": "SELECT GOLD Pure Kitten Paté 6x200 g", "brand": "SELECT GOLD Nassfutter", "regular_price": 0.0, "selling_price": 8.94, "price_per_unit": 0.0, "breadcrumbs": "Katze > Katzenfutter > Nassfutter", "description": "Hoher Anteil wertvoller tierischer Proteine Ohne Beigabe von pflanzlichen Kohlenhydratquellen Besonders geeignet bei Unverträglichkeiten"}
{"url": "https://www.fressnapf.de/p/catz-finefood-nassfutter-katze-purrrr-adult-no-103-huhn-6x400-g-1219845/", "product_name": "Catz finefood Nassfutter Katze Purrrr Adult No. 103 Huhn 6x400 g", "brand": "Catz finefood Nassfutter", "regular_price": 0.0, "selling_price": 22.99, "price_per_unit": 0.0, "breadcrumbs": "Katze > Katzenfutter > Nassfutter", "description": "100% offen deklariert Monoproteinquelle, mit sehr viel Fleisch Mit getreidefreier Rezeptur und zuckerfrei"}
{"url": "https://www.fressnapf.de/p/hills-science-plan-light-mature-adult-7-mit-huhn-15-kg-1003013009/", "product_name": "Hill's Science Plan Light Mature Adult 7+ mit Huhn 1,5 kg", "brand": "Hill's Trockenfutter", "regular_price": 20.99, "selling_price": 20.49, "price_per_unit": 13.66, "breadcrumbs": "Katze > Katzenfutter > Trockenfutter", "description": "Enthält weniger Fett und weniger Kalorien Hoher Fasergehalt für eine lang andauernde Sättigung Mit L-Carnitin, um Ihre Katze schlank und fit zu halten"}
{"url": "https://www.fressnapf.de/p/beaphar-multi-vitamin-paste-katze-250g-1036611/", "product_name": "Beaphar Multi Vitamin Paste Katze 250g", "brand": "Beaphar Ergänzungsfutter & Aufzucht", "regular_price": 0.0, "selling_price": 6.29, "price_per_unit": 0.0, "breadcrumbs": "Katze > Katzenfutter > Ergänzungsfutter & Aufzucht", "description": "Ohne Zucker-Zusatz Für schönes Fell und strapazierfähige Haut Leckerer Snack für Katzen mit Zusatznutzen"}
{"url": "https://www.fressnapf.de/p/catz-finefood-nassfutter-katze-fillets-collection-i-adult-in-gelee-multipack-6x85-g-1272974001/", "product_name": "Catz finefood Nassfutter Katze Fillets Collection I Adult in Gelee Multipack 6x85 g", "brand": "Catz finefood Nassfutter", "regular_price": 0.0, "selling_price": 11.19, "price_per_unit": 0.0, "breadcrumbs": "Katze > Katzenfutter > Nassfutter", "description": "feinstes Filetfleisch ohne Zuckerzusatz getreidefrei"}
{"url": "https://www.fressnapf.de/p/animonda-integra-protect-sensitive-6x100g-huhn-pur-1338369/", "product_name": "animonda Integra Protect Sensitive 6x100g Huhn pur", "brand": "animonda", "regular_price": 8.1, "selling_price": 7.79, "price_per_unit": 12.98, "breadcrumbs": "PLP > VET Diäten > Katze > Hypoallergen", "description": "Nur ein tierisches Protein Aufeinander abgestimmter Mineralstoffgehalt Glutenfrei"}
{"url": "https://www.fressnapf.de/p/premiere-mixpaket-1267102/", "product_name": "PREMIERE Mixpaket", "brand": "PREMIERE Trockenfutter", "regular_price": 0.0, "selling_price": 47.47, "price_per_unit": 0.0, "breadcrumbs": "Katze > Katzenfutter > Trockenfutter", "description": "hoher Anteil tierischer Proteine mit 14% frischem Geflügel mit wertvollen Inhaltsstoffen"}
{"url": "https://www.fressnapf.de/p/sheba-filets-huhn-16x60-g-1407301/", "product_name": "Sheba Filets Huhn 16x60 g", "brand": "Sheba Nassfutter", "regular_price": 0.0, "selling_price": 20.49, "price_per_unit": 0.0, "breadcrumbs": "Katze > Katzenfutter > Nassfutter", "description": "Schonend zubereitet mit erlesenen Zutaten Ohne künstliche Farb- und Konservierungsstoffe Serviert in einer praktischen 60g Schale"}
{"url": "https://www.fressnapf.de/p/whiskas-mega-pack-1-klassische-auswahl-in-sauce-40-x-85g-1410718/", "product_name": "Whiskas Mega Pack 1+ Klassische Auswahl in Sauce 40 x 85g", "brand": "Whiskas Nassfutter", "regular_price": 0.0, "selling_price": 13.99, "price_per_unit": 0.0, "breadcrumbs": "Katze > Katzenfutter > Nassfutter", "description": "deckt alle täglichen Bedürfnisse deiner 1+ Katze Hochwertige Proteine zur Unterstützung starker Muskeln Vitamin C zur Unterstützung der natürlichen Abwehrkräfte"}
{"url": "https://www.fressnapf.de/p/whiskas-multipack-7-gemischte-auswahl-in-sauce-12-x-85g-1412432/", "product_name": "Whiskas Multipack 7+ Gemischte Auswahl in Sauce 12 x 85g", "brand": "Whiskas Nassfutter", "regular_price": 0.0, "selling_price": 4.99, "price_per_unit": 0.0, "breadcrumbs": "Katze > Katzenfutter > Nassfutter", "description": "deckt alle täglichen Bedürfnisse deiner 7+ Katze ausgewogener Mineralstoffgehalt zur Unterstützung gesunder Harnwege zur Unterstützung von Beweglichkeit und voller Vitalität"}
{"url": "https://www.fressnapf.de/p/hardys-love-affair-6x200g-huhn--gans-1298120/", "product_name": "HARDYS LOVE AFFAIR 6x200g Huhn & Gans", "brand": "HARDYS Nassfutter", "regular_price": 0.0, "selling_price": 11.79, "price_per_unit": 0.0, "breadcrumbs": "Katze > Katzenfutter > Nassfutter", "description": "Natürliche Rohstoffe mit höchster Qualität Hoher Fleischanteil Getreide- und glutenfrei"}
{"url": "https://www.fressnapf.de/p/iams-delights-adult-48x85g-48x85-g-1226035/", "product_name": "IAMS Delights Adult 48x85g 48x85 g", "brand": "IAMS Nassfutter", "regular_price": 29.99, "selling_price": 27.99, "price_per_unit": 6.86, "breadcrumbs": "Katze > Katzenfutter > Nassfutter", "description": "Vollwertiges und ausgewogenes Katzenfutter Unwiderstehlicher Geschmack Wird Ihre Katze begeistern"}
{"url": "https://www.fressnapf.de/p/felix-play-tubes-5x180g-huhn--und-lebergeschmack-1302489/", "product_name": "Felix Play Tubes 5x180g Huhn- und Lebergeschmack", "brand": "Felix Snacks", "regular_price": 18.95, "selling_price": 15.99, "price_per_unit": 17.77, "breadcrumbs": "Katze > Katzenfutter > Snacks", "description": "gesunder Kausnack"}
{"url": "https://www.fressnapf.de/p/gimcat-nutri-pockets-country-mix-2x150-g-1371635/", "product_name": "GimCat Nutri Pockets Country-Mix 2x150 g", "brand": "GimCat Snacks", "regular_price": 0.0, "selling_price": 4.99, "price_per_unit": 0.0, "breadcrumbs": "Katze > Katzenfutter > Snacks", "description": "Leckere Füllung Steigert die Vitalität Aktiviert gemeinsam die körpereigenen Abwehrkräfte"}
{"url": "https://www.fressnapf.de/p/whiskas-multipack-1-gefluegel-auswahl-in-sauce-12-x-85g-1412439/", "product_name": "Whiskas Multipack 1+ Geflügel Auswahl in Sauce 12 x 85g", "brand": "Whiskas Nassfutter", "regular_price": 0.0, "selling_price": 4.99, "price_per_unit": 0.0, "breadcrumbs": "Katze > Katzenfutter > Nassfutter", "description": "deckt alle täglichen Bedürfnisse deiner 1+ Katze Mit hochwertigem Protein zur Unterstützung starker Muskeln Vitamin C zur Unterstützung der natürlichen Abwehrkräfte"}
{"url": "https://www.fressnapf.de/p/royal-canin-norwegian-forest-adult-2-kg-1081950/", "product_name": "ROYAL CANIN Norwegian Forest Adult 2 kg", "brand": "ROYAL CANIN Trockenfutter", "regular_price": 7.9, "selling_price": 6.99, "price_per_unit": 17.47, "breadcrumbs": "Katze > Katzenfutter > Trockenfutter", "description": "Gesunde Haut und schönes Fell Beugt der Bildung von Haarballen vor Idealgewicht und gesunde Gelenke"}
{"url": "https://www.fressnapf.de/p/royal-canin--veterinary-renal-special-400-g-1342249/", "product_name": "ROYAL CANIN ® Veterinary RENAL SPECIAL 400 g", "brand": "ROYAL CANIN", "regular_price": 6.56, "selling_price": 6.49, "price_per_unit": 16.22, "breadcrumbs": "PLP > VET Diäten > Katze > Nierendiät", "description": "Diätetisches Management bei chronischen Nierenerkrankungen Nierenentlastung Hervorragende Akzeptanz"}
{"url": "https://www.fressnapf.de/p/real-nature-wilderness-pure-beef-senior-300-g-1348440/", "product_name": "REAL NATURE WILDERNESS Pure Beef Senior 300 g", "brand": "REAL NATURE Trockenfutter", "regular_price": 0.0, "selling_price": 4.99, "price_per_unit": 0.0, "breadcrumbs": "Katze > Katzenfutter > Trockenfutter", "description": "aus 60% hochwertigem Rind, 40% Obst, Gemüse und wertvollen Zutaten getreidefreie Rezeptur 100% natürlich - in den ausgewählten Rohstoffen"}
{"url": "https://www.fressnapf.de/p/purina-one-bifensis-urinary-health-750-g-1396868/", "product_name": "Purina ONE BIFENSIS Urinary Health 750 g", "brand": "Purina ONE Trockenfutter", "regular_price": 7.39, "selling_price": 3.99, "price_per_unit": 4.99, "breadcrumbs": "Katze > Katzenfutter > Trockenfutter", "description": "Unterstützt eine gesunde Nierenfunktion Fördert die Gesundheit der Harnwege Recyclebare Verpackung ohne Auswirkung auf Qualität und Geschmack"}
{"url": "https://www.fressnapf.de/p/multifit-snackwuerste-3x12x9g-lachs-1362274/", "product_name": "MultiFit Snackwürste 3x12x9g Lachs", "brand": "MultiFit Snacks", "regular_price": 0.0, "selling_price": 4.77, "price_per_unit": 0.0, "breadcrumbs": "Katze > Katzenfutter > Snacks", "description": "praktische Einzelportionen extra saftig ohne Zuckerzusatz"}
{"url": "https://www.fressnapf.de/p/animonda-integra-protect-niere-6x100g-huhn-1338367/", "product_name": "animonda Integra Protect Niere 6x100g Huhn", "brand": "animonda", "regular_price": 8.1, "selling_price": 7.79, "price_per_unit": 12.98, "breadcrumbs": "PLP > VET Diäten > Katze > Nierendiät", "description": "Multifunktional: chronische Niereninsuffizienz & Futtermittelallergie Phosphorreduziert Eiweißreduziert"}
{"url": "https://www.fressnapf.de/p/bozita-pouch-multibox-fleisch---fisch-menue-12x85-g-1366969/", "product_name": "BOZITA Pouch Multibox Fleisch- & Fisch-Menü 12x85 g", "brand": "BOZITA Nassfutter", "regular_price": 0.0, "selling_price": 13.99, "price_per_unit": 0.0, "breadcrumbs": "Katze > Katzenfutter > Nassfutter", "description": "kein Zucker, keine Farbstoffe, keine Konservierungsstoffe 100% mit erneuerbaren Energien und schwedischen Zutaten produziert 0% Getreide"}
{"url": "https://www.fressnapf.de/p/macs-nassfutter-katze-adult-rind--huehnerherzen-6x200-g-1929250/", "product_name": "MAC's Nassfutter Katze Adult Rind & Hühnerherzen 6x200 g", "brand": "MAC's Nassfutter", "regular_price": 0.0, "selling_price": 7.99, "price_per_unit": 0.0, "breadcrumbs": "Katze > Katzenfutter > Nassfutter", "description": "Getreidefreie Rezeptur Ohne Kohlenhydrate Mit lebenswichtigen Taurin"}
{"url": "https://www.fressnapf.de/p/whiskas-sticks-14x6-stueck-lachs-1100405/", "product_name": "Whiskas Sticks 14x6 Stück Lachs", "brand": "Whiskas Snacks", "regular_price": 0.0, "selling_price": 21.99, "price_per_unit": 0.0, "breadcrumbs": "Katze > Katzenfutter > Snacks", "description": "hoher Fisch-/Fleischanteil für besonders leckeren Geschmack ohne künstliche Farb- und Aromastoffe"}
{"url": "https://www.fressnapf.de/p/multifit-senior-trockenfutter-huhn-1-kg-1321834/", "product_name": "MultiFit Senior Trockenfutter Huhn 1 kg", "brand": "MultiFit Trockenfutter", "regular_price": 0.0, "selling_price": 3.19, "price_per_unit": 0.0, "breadcrumbs": "Katze > Katzenfutter > Trockenfutter", "description": "Mit köstlichen Knusperkissen Rezepturen perfekt abgestimmt auf die Lebensphase Ohne Zusatz von Zucker, Konservierungsmitteln, künstlichen Geschmacksaromen"}
{"url": "https://www.fressnapf.de/p/macs-nassfutter-katze-adult-rind--kalb-12x100-g-1929273/", "product_name": "MAC's Nassfutter Katze Adult Rind & Kalb 12x100 g", "brand": "MAC's Nassfutter", "regular_price": 0.0, "selling_price": 14.49, "price_per_unit": 0.0, "breadcrumbs": "Katze > Katzenfutter > Nassfutter", "description": "Schmackhaftes Nassfutter Viele wichtige Vitamine Getreidefrei"}
{"url": "https://www.fressnapf.de/p/royal-canin--veterinary-renal-400-g-1342248/", "product_name": "ROYAL CANIN ® Veterinary RENAL 400 g", "brand": "ROYAL CANIN", "regular_price": 6.56, "selling_price": 6.49, "price_per_unit": 16.22, "breadcrumbs": "PLP > VET Diäten > Katze > Nierendiät", "description": "Diätetisches Management bei chronischen Nierenerkrankungen Nierenentlastung Hervorragende Akzeptanz"}
{"url": "https://www.fressnapf.de/p/catz-finefood-nassfutter-katze-purrrr-adult-no-121-hirsch-16x85-g-1790631/", "product_name": "Catz finefood Nassfutter Katze Purrrr Adult No. 121 Hirsch 16x85 g", "brand": "Catz finefood Nassfutter", "regular_price": 0.0, "selling_price": 17.29, "price_per_unit": 0.0, "breadcrumbs": "Katze > Katzenfutter > Nassfutter", "description": "100% offen deklariert Monoproteinquelle, mit sehr viel Fleisch Mit getreidefreier Rezeptur und zuckerfrei"}
{"url": "https://www.fressnapf.de/p/multifit-adult-sauce-duo-fish--classic-mix-multipack-12x100-g-1315768/", "product_name": "MultiFit Adult Sauce Duo Fish & Classic Mix Multipack 12x100 g", "brand": "MultiFit Nassfutter", "regular_price": 0.0, "selling_price": 3.99, "price_per_unit": 0.0, "breadcrumbs": "Katze > Katzenfutter > Nassfutter", "description": "Mit extra Calcium für ein Wachstumsphasen Frei von Zuckerzusätzen, Farbstoffen und Konservierungsmitteln Mit Taurin zur Unterstützung der Herz- und Sehfunktion"}
{"url": "https://www.fressnapf.de/p/mjamjam-gute-pute-an-gedaempftem-kuerbis-6x800g-1382691/", "product_name": "MjAMjAM Gute Pute an gedämpftem Kürbis 6x800g", "brand": "MjAMjAM Nassfutter", "regular_price": 25.74, "selling_price": 25.49, "price_per_unit": 5.31, "breadcrumbs": "Katze > Katzenfutter > Nassfutter", "description": "Ohne Getreide Ohne Konservierungs- oder Geschmacksstoffe Ohne Zucker"}
{"url": "https://www.fressnapf.de/p/applaws-kitten-huhn-2-kg-1062752/", "product_name": "Applaws Kitten Huhn 2 kg", "brand": "Applaws Trockenfutter", "regular_price": 0.0, "selling_price": 17.99, "price_per_unit": 0.0, "breadcrumbs": "Katze > Katzenfutter > Trockenfutter", "description": "mit 100% natürlichen Zutaten mindestens 80% tierische Proteine getreidefrei"}
{"url": "https://www.fressnapf.de/p/felix-knabbermix-5x200g-strandspass-1366669/", "product_name": "Felix KnabberMix 5x200g Strandspaß", "brand": "Felix Snacks", "regular_price": 18.95, "selling_price": 16.99, "price_per_unit": 16.99, "breadcrumbs": "Katze > Katzenfutter > Snacks", "description": "in verschiedenen leckeren Sorten mit Proteinen, Vitaminen und Omega 6 Fettsäuren bunter Mix aus Snacks in vielen verschiedenen Formen"}
{"url": "https://www.fressnapf.de/p/real-nature-kitten-huhn-mit-pute-und-lachsoel-16x100g-1285969/", "product_name": "REAL NATURE Kitten Huhn mit Pute und Lachsöl 16x100g", "brand": "REAL NATURE Nassfutter", "regular_price": 0.0, "selling_price": 22.24, "price_per_unit": 0.0, "breadcrumbs": "Katze > Katzenfutter > Nassfutter", "description": "Kein Tier- und Knochenmehl Keine Zusatzstoffe wie Zucker, Farbstoffe, Aromastoffe Ohne Konservierungsmittel"}
{"url": "https://www.fressnapf.de/p/sanabelle-indoor-400-g-1287296/", "product_name": "Sanabelle Indoor 400 g", "brand": "Sanabelle Trockenfutter", "regular_price": 5.49, "selling_price": 5.29, "price_per_unit": 13.23, "breadcrumbs": "Katze > Katzenfutter > Trockenfutter", "description": "Hoher Anteil frisches Geflügelfleisch (20 %) sowie frischer Fasan (5 %) Für Hauskatzen mit eigeschränkter Bewegungsaktivität Reduzierter Energiegehalt"}
{"url": "https://www.fressnapf.de/p/whiskas-multipack-7-gefluegel-auswahl-in-gelee-12-x-85g-1412419/", "product_name": "Whiskas Multipack 7+ Geflügel Auswahl in Gelee 12 x 85g", "brand": "Whiskas Nassfutter", "regular_price": 0.0, "selling_price": 4.99, "price_per_unit": 0.0, "breadcrumbs": "Katze > Katzenfutter > Nassfutter", "description": "deckt alle täglichen Bedürfnisse deiner 1+ Katze ausgewogener Mineralstoffgehalt zur Unterstützung gesunder Harnwege zur Unterstützung von Beweglichkeit und Vitalität im Alter"}
{"url": "https://www.fressnapf.de/p/cats-love-katzenfutter-katze-junior-in-gelee-huhn-mit-algenkalk--disteloel-12x85-g-1274354/", "product_name": "CAT'S LOVE Katzenfutter Katze Junior in Gelee Huhn mit Algenkalk & Distelöl 12x85 g", "brand": "CAT'S LOVE Nassfutter", "regular_price": 0.0, "selling_price": 14.19, "price_per_unit": 0.0, "breadcrumbs": "Katze > Katzenfutter > Nassfutter", "description": "getreidefreies Single-Protein-Menü aus 100% natürlichen Zutaten 71% Fleisch oder Fischanteil in Premium-Qualität 100% natürlich und OHNE künstliche Farb- und Lockstoffe, Zuckerzusatz, Konservierungsmittel, Gluten, Laktose, Tierversuche"}
{"url": "https://www.fressnapf.de/p/mjamjam--probierpaket-4-12x125g-1374425/", "product_name": "MjAMjAM – Probierpaket 4 (12x125g)", "brand": "MjAMjAM Nassfutter", "regular_price": 0.0, "selling_price": 17.99, "price_per_unit": 0.0, "breadcrumbs": "Katze > Katzenfutter > Nassfutter", "description": "Ohne Getreide Ohne Konservierungs- oder Geschmacksstoffe Ohne Zucker"}
{"url": "https://www.fressnapf.de/p/almo-nature-almo-complete-hfc-huhn-mit-moehren-24x70-g-1312801/", "product_name": "Almo nature Almo Complete HFC Huhn mit Möhren 24x70 g", "brand": "Almo nature Nassfutter", "regular_price": 34.8, "selling_price": 22.99, "price_per_unit": 13.68, "breadcrumbs": "Katze > Katzenfutter > Nassfutter", "description": "natürliche Zutaten getreidefreies Alleinfuttermittel angereichert mit Vitaminen und Mineralien"}
{"url": "https://www.fressnapf.de/p/schmusy-ragout-nassfutter-katze-adult-in-sauce-huhn-22x100-g-1343252/", "product_name": "Schmusy Ragout Nassfutter Katze Adult in Sauce Huhn 22x100 g", "brand": "Schmusy Nassfutter", "regular_price": 12.1, "selling_price": 11.29, "price_per_unit": 5.13, "breadcrumbs": "Katze > Katzenfutter > Nassfutter", "description": "Getreidefrei Mit wichtigen Vitaminen und Mineralstoffen Ohne Farb-, Aroma- und Konservierungsstoffe"}
{"url": "https://www.fressnapf.de/p/gourmet-revelations-24x57g-mousse-mit-rind-1361331/", "product_name": "GOURMET Revelations 24x57g Mousse mit Rind", "brand": "GOURMET Nassfutter", "regular_price": 20.28, "selling_price": 19.99, "price_per_unit": 14.61, "breadcrumbs": "Katze > Katzenfutter > Nassfutter", "description": "Zarte Mousse in köstlicher Sauce Hergestellt mit qualitativ hochwertigen Zutaten Ohne Farbstoffe, ohne zugesetzte künstliche Aroma- und Konservierungsstoffe"}
{"url": "https://www.fressnapf.de/p/whiskas-multipack-junior-gefluegel-auswahl-in-gelee-12-x-85g-1412434/", "product_name": "Whiskas Multipack Junior Geflügel Auswahl in Gelee 12 x 85g", "brand": "Whiskas Nassfutter", "regular_price": 0.0, "selling_price": 4.99, "price_per_unit": 0.0, "breadcrumbs": "Katze > Katzenfutter > Nassfutter", "description": "deckt alle täglichen Bedürfnisse deines Kätzchens mit Kalzium zur Unterstützung des Aufbaus starker Knochen & Zähne hochwertige Proteine zur Erleichterung der Verdauung"}
{"url": "https://www.fressnapf.de/p/purina-one-bifensis-coat--hairball-750-g-1396867/", "product_name": "Purina ONE BIFENSIS Coat & Hairball 750 g", "brand": "Purina ONE Trockenfutter", "regular_price": 0.0, "selling_price": 4.49, "price_per_unit": 0.0, "breadcrumbs": "Katze > Katzenfutter > Trockenfutter", "description": "Zur Reduzierung der Haarballenbildung Hohe Verdaulichkeit dank qualitativ hochwertiger Zutaten Recyclebare Verpackung ohne Auswirkung auf Qualität und Geschmack"}
{"url": "https://www.fressnapf.de/p/hills-prescription-diet-metabolic-weight-management-gefluegel-15-kg-1156918/", "product_name": "Hill's Prescription Diet Metabolic Weight Management Geflügel 1,5 kg", "brand": "Hill's", "regular_price": 21.99, "selling_price": 17.29, "price_per_unit": 11.53, "breadcrumbs": "PLP > VET Diäten > Katze > Übergewicht", "description": "Übergewichtige und adipöse Katzen Erhaltung des Gewichts nach einer Gewichtsabnahme Diätetisches Alleinfuttermittel für erwachsene Katzen mit Übergewicht"}
{"url": "https://www.fressnapf.de/p/royal-canin-ragdoll-adult-2-kg-1104370/", "product_name": "ROYAL CANIN Ragdoll Adult 2 kg", "brand": "ROYAL CANIN Trockenfutter", "regular_price": 29.9, "selling_price": 24.99, "price_per_unit": 12.5, "breadcrumbs": "Katze > Katzenfutter > Trockenfutter", "description": "Gesunde Haut und schönes Fell Unterstützung der Herzfunktion Gesunde Knochen und Gelenke"}
{"url": "https://www.fressnapf.de/p/whiskas-multipack-1-klassische-auswahl-in-sauce-12x85-g-1412429/", "product_name": "Whiskas Multipack 1+ Klassische Auswahl in Sauce 12x85 g", "brand": "Whiskas Nassfutter", "regular_price": 0.0, "selling_price": 4.99, "price_per_unit": 0.0, "breadcrumbs": "Katze > Katzenfutter > Nassfutter", "description": "Deckt alle täglichen Bedürfnisse deiner 1+ Katze Mit hochwertigem Protein zur Unterstützung starker Muskeln Hergestellt mit Vitamin C zur Unterstützung der natürlichen Abwehrkräfte"}
{"url": "https://www.fressnapf.de/p/sanabelle-dental-2-kg-1293752/", "product_name": "Sanabelle Dental 2 kg", "brand": "Sanabelle Trockenfutter", "regular_price": 23.95, "selling_price": 17.99, "price_per_unit": 9.0, "breadcrumbs": "Katze > Katzenfutter > Trockenfutter", "description": "Hoher Anteil frisches Geflügelfleisch (20 %) Für Zahnreinigung und Zahnpflege, Verbesserung der Mundhygiene Mit strukturierter Pflanzenfaser (dental care)"}
{"url": "https://www.fressnapf.de/p/sanabelle-mixpaket-adult-1267089/", "product_name": "Sanabelle Mixpaket Adult", "brand": "Sanabelle Trockenfutter", "regular_price": 0.0, "selling_price": 40.99, "price_per_unit": 0.0, "breadcrumbs": "Katze > Katzenfutter > Trockenfutter", "description": "Bekömmlich und schmackhaft Mit natürlichen Zutaten u.a. Preiselbeeren, Blaubeeren, Ringelblumenblüten Ideale Kombination von Vitaminen und Spurenelementen"}
{"url": "https://www.fressnapf.de/p/royal-canin-sensory-smell-taste-feel-multipack-in-sosse-12x85-g-1365527/", "product_name": "ROYAL CANIN Sensory Smell Taste Feel Multipack in Soße 12x85 g", "brand": "ROYAL CANIN Nassfutter", "regular_price": 18.8, "selling_price": 15.49, "price_per_unit": 15.19, "breadcrumbs": "Katze > Katzenfutter > Nassfutter", "description": "Neuer Multipack mit allen drei Sorten in Soße für das volle sensorische Erlebnis Instinktive Präferenz der Katze Hilft die Harnwegsgesundheit zu erhalten"}
{"url": "https://www.fressnapf.de/p/multifit-fruity-meat-sticks-7x8x5g-huhn--apfel-1260565/", "product_name": "MultiFit Fruity Meat Sticks 7x8x5g Huhn & Apfel", "brand": "MultiFit Snacks", "regular_price": 0.0, "selling_price": 8.05, "price_per_unit": 0.0, "breadcrumbs": "Katze > Katzenfutter > Snacks", "description": "ohne Weizen leicht verdaulich"}
{"url": "https://www.fressnapf.de/p/royal-canin-kitten-sterilised-400-g-1014710/", "product_name": "ROYAL CANIN Kitten Sterilised 400 g", "brand": "ROYAL CANIN Trockenfutter", "regular_price": 7.9, "selling_price": 7.79, "price_per_unit": 19.47, "breadcrumbs": "Katze > Katzenfutter > Trockenfutter", "description": "Unterstützt die natürlichen Abwehrkräfte Hilft bei der Wachstums- und Gewichtskontrolle Fördert eine gesunde Verdauung"}
{"url": "https://www.fressnapf.de/p/hills-prescription-diet-digestive-care-id-mit-huhn-15-kg-1357494/", "product_name": "Hill's Prescription Diet Digestive Care i/d mit Huhn 1,5 kg", "brand": "Hill's", "regular_price": 22.99, "selling_price": 21.49, "price_per_unit": 14.33, "breadcrumbs": "PLP > VET Diäten > Katze > Schonkost", "description": "Zur Unterstützung der Verdauung Klinisch erprobte Ernährung Leicht verdauliche Zusammensetzung zur Unterstützung einer besseren Nährstoffaufnahme"}
{"url": "https://www.fressnapf.de/p/cats-love-nassfutter-katze-junior-huhn-6x200-g-1301970/", "product_name": "CAT'S LOVE Nassfutter Katze Junior Huhn 6x200 g", "brand": "CAT'S LOVE Nassfutter", "regular_price": 0.0, "selling_price": 13.99, "price_per_unit": 0.0, "breadcrumbs": "Katze > Katzenfutter > Nassfutter", "description": "Hergestellt in Österreich 92 % Huhn in Lebensmittelqualität 100% natürlich und OHNE künstliche Farb- und Lockstoffe, Zuckerzusatz, Konservierungsmittel, Gluten, Laktose, Schlachtabfällen, Tierversuche."}
{"url": "https://www.fressnapf.de/p/animonda-integra-protect-intestinal-6x100g-1338366/", "product_name": "animonda Integra Protect Intestinal 6x100g", "brand": "animonda", "regular_price": 8.1, "selling_price": 7.79, "price_per_unit": 12.98, "breadcrumbs": "PLP > VET Diäten > Katze > Schonkost", "description": "Bei akutem Durchfall Hoch verdaulich Glutenfrei"}
{"url": "https://www.fressnapf.de/p/multifit-gefluegelcreme-mit-petersilie-3x75g-1259702/", "product_name": "MultiFit Geflügelcreme mit Petersilie 3x75g", "brand": "MultiFit Snacks", "regular_price": 0.0, "selling_price": 5.97, "price_per_unit": 0.0, "breadcrumbs": "Katze > Katzenfutter > Snacks", "description": "Ideal als Belohnung für deine Katze Zum Verstecken von Medikamenten Ohne Zuckerzusatz"}
{"url": "https://www.fressnapf.de/p/royal-canin-protein-exigent-2-kg-1003120016/", "product_name": "ROYAL CANIN Protein Exigent 2 kg", "brand": "ROYAL CANIN Trockenfutter", "regular_price": 25.9, "selling_price": 20.99, "price_per_unit": 10.5, "breadcrumbs": "Katze > Katzenfutter > Trockenfutter", "description": "Protein bevorzugt Idealgewicht Individuelle Vorliebe"}
{"url": "https://www.fressnapf.de/p/purina-one-bifensis-senior-11-750-g-1396862/", "product_name": "Purina ONE BIFENSIS Senior 11+ 750 g", "brand": "Purina ONE Trockenfutter", "regular_price": 0.0, "selling_price": 4.49, "price_per_unit": 0.0, "breadcrumbs": "Katze > Katzenfutter > Trockenfutter", "description": "Zur Unterstützung der Vitalfunktionen & der Gesundheit älterer Katzen Zur Erhaltung starker und gesunder Knochen & Muskeln Recyclebare Verpackung ohne Auswirkung auf Qualität und Geschmack"}
{"url": "https://www.fressnapf.de/p/royal-canin-sphynx-adult-2-kg-1104374/", "product_name": "ROYAL CANIN Sphynx Adult 2 kg", "brand": "ROYAL CANIN Trockenfutter", "regular_price": 29.9, "selling_price": 21.99, "price_per_unit": 11.0, "breadcrumbs": "Katze > Katzenfutter > Trockenfutter", "description": "Hoher Energiegehalt Gesunde Haut Unterstützt die Herzfunktion"}
{"url": "https://www.fressnapf.de/p/cats-love-nassfutter-katze-adult-mix-lachs-und-huhn-6x200-g-1301969/", "product_name": "CAT'S LOVE Nassfutter Katze Adult Mix Lachs und Huhn 6x200 g", "brand": "CAT'S LOVE Nassfutter", "regular_price": 0.0, "selling_price": 9.79, "price_per_unit": 0.0, "breadcrumbs": "Katze > Katzenfutter > Nassfutter", "description": "Hergestellt in Österreich bis zu 92% Fisch oder Fleischanteil in Lebensmittelqualität 100% natürlich und OHNE künstliche Farb- und Lockstoffe, Zuckerzusatz, Konservierungsmittel, Gluten, Laktose, Schlachtabfällen, Tierversuche."}
{"url": "https://www.fressnapf.de/p/royal-canin-indoor-7-sterilised-in-gelee-12x85-g-1342018/", "product_name": "ROYAL CANIN Indoor 7+ Sterilised in Gelee 12x85 g", "brand": "ROYAL CANIN Nassfutter", "regular_price": 20.3, "selling_price": 17.49, "price_per_unit": 17.15, "breadcrumbs": "Katze > Katzenfutter > Nassfutter", "description": "Enthält einen Vitalitäts-Komplex Unterstützt die Nierenfunktion Instinktive Präferenz der Katze ab 7 Jahren"}
{"url": "https://www.fressnapf.de/p/whiskas-multipack-7-fisch-auswahl-in-gelee-12-x-85g-1412420/", "product_name": "Whiskas Multipack 7+ Fisch Auswahl in Gelee 12 x 85g", "brand": "Whiskas Nassfutter", "regular_price": 0.0, "selling_price": 4.99, "price_per_unit": 0.0, "breadcrumbs": "Katze > Katzenfutter > Nassfutter", "description": "deckt alle täglichen Bedürfnisse deiner 7+ Katze ausgewogener Mineralstoffgehalt zur Unterstützung gesunder Harnwege Mit B-Vitaminen & Eisen zur Unterstützung von Beweglichkeit und Vitalität"}
{"url": "https://www.fressnapf.de/p/fitfun-finest-mix-6x1kg-1335647/", "product_name": "FIT+FUN Finest-Mix 6x1kg", "brand": "FIT+FUN Trockenfutter", "regular_price": 0.0, "selling_price": 6.9, "price_per_unit": 0.0, "breadcrumbs": "Katze > Katzenfutter > Trockenfutter", "description": "Mit schmackhaftem Fleisch und Gemüse Ohne Zusatz von Konservierungsstoffen Ohne Zuckerzusatz"}
{"url": "https://www.fressnapf.de/p/whiskas-duo-multipack-classic-combos-in-gelee-12-x-85g-1412424/", "product_name": "Whiskas Duo Multipack Classic Combos in Gelee 12 x 85g", "brand": "Whiskas Nassfutter", "regular_price": 0.0, "selling_price": 4.99, "price_per_unit": 0.0, "breadcrumbs": "Katze > Katzenfutter > Nassfutter", "description": "Jede saftige Rezeptur kombiniert 2 Geschmacksrichtungen Enthält wichtige Nährstoffe, Vitamine und Mineralstoffe Enthält vier unwiderstehlich-saftige Kombinationen"}
{"url": "https://www.fressnapf.de/p/kittys-cuisine-adult-mixpaket-1267093/", "product_name": "Kitty's Cuisine Adult Mixpaket", "brand": "Kitty's Cuisine Trockenfutter", "regular_price": 0.0, "selling_price": 45.98, "price_per_unit": 0.0, "breadcrumbs": "Katze > Katzenfutter > Trockenfutter", "description": "Hoher Anteil tierischer Rohstoffe von mind. 66% Mit mind. 25% Frischfleischanteil Mit Superfoods z.B. Granatapfel & Acai-Beeren, Sanddorn & Spirulina oder Spinat & Chia-Samen"}
{"url": "https://www.fressnapf.de/p/gimcat-grasbits-8x40g-1298090/", "product_name": "GimCat GrasBits 8x40g", "brand": "GimCat Snacks", "regular_price": 0.0, "selling_price": 12.99, "price_per_unit": 0.0, "breadcrumbs": "Katze > Katzenfutter > Snacks", "description": "Getreidefrei Ohne Zuckerzusatz Mit schmackhaftem Gras"}
{"url": "https://www.fressnapf.de/p/mjamjam-garnelen-an-saftigem-huehnchen-6x400-g-1382579/", "product_name": "MjAMjAM Garnelen an saftigem Hühnchen 6x400 g", "brand": "MjAMjAM Nassfutter", "regular_price": 18.54, "selling_price": 16.19, "price_per_unit": 6.75, "breadcrumbs": "Katze > Katzenfutter > Nassfutter", "description": "Ohne Getreide Ohne Konservierungs- oder Geschmacksstoffe Ohne Zucker"}
{"url": "https://www.fressnapf.de/p/schesir-in-bruehe-24x70g-haehnchenfilet-in-huehnerbruehe-1101113/", "product_name": "Schesir in Brühe 24x70g Hähnchenfilet, in Hühnerbrühe", "brand": "Schesir Nassfutter", "regular_price": 0.0, "selling_price": 27.99, "price_per_unit": 0.0, "breadcrumbs": "Katze > Katzenfutter > Nassfutter", "description": "Natürliches Katzenfutter Natürliche Inhaltsstoffe, nur die wertvollsten Bestandteile In Kochbrühe"}
{"url": "https://www.fressnapf.de/p/macs-superfood-for-cats-adult-ente-pute--huhn-15kg-1251937/", "product_name": "MAC's Superfood for Cats Adult Ente, Pute & Huhn 1,5kg", "brand": "MAC's Trockenfutter", "regular_price": 0.0, "selling_price": 13.49, "price_per_unit": 0.0, "breadcrumbs": "Katze > Katzenfutter > Trockenfutter", "description": "getreidefreie Rezeptur hoher Proteingehalt Superfood"}
{"url": "https://www.fressnapf.de/p/multifit-its-me-coco-indoor-mit-truthahn-24x85-g-1277541/", "product_name": "MultiFit It's Me Coco Indoor mit Truthahn 24x85 g", "brand": "MultiFit Nassfutter", "regular_price": 0.0, "selling_price": 18.96, "price_per_unit": 0.0, "breadcrumbs": "Katze > Katzenfutter > Nassfutter", "description": "Typgerechtes Alleinfuttermittel für ausgewachsene, überwiegend im Haus lebende Katzen Reduziert den Stuhlgeruch Ohne Zusatz von Zucker, künstlichen Farbstoffen und Konservierungsmitteln"}
{"url": "https://www.fressnapf.de/p/sheba-selection-in-sauce-28x85-g-lachs-1390776/", "product_name": "Sheba Selection in Sauce 28x85 g Lachs", "brand": "Sheba Nassfutter", "regular_price": 0.0, "selling_price": 19.29, "price_per_unit": 0.0, "breadcrumbs": "Katze > Katzenfutter > Nassfutter", "description": "Hochwertiges Nassfutter, das Ihre Katze mit allen Nährstoffen versorgt Alleinfuttermittel für ausgewachsene Katzen Hergestellt mit natürlichen und hochwertigen Inhaltsstoffen für eine ausgewogene Ernährung"}
{"url": "https://www.fressnapf.de/p/mjamjam-pur-6x800g-rind-1382692/", "product_name": "MjAMjAM Pur 6x800g Rind", "brand": "MjAMjAM Nassfutter", "regular_price": 29.34, "selling_price": 24.59, "price_per_unit": 5.12, "breadcrumbs": "Katze > Katzenfutter > Nassfutter", "description": "Ohne Getreide Ohne Zucker Ohne Konservierungs- oder Geschmacksstoffe"}
{"url": "https://www.fressnapf.de/p/hills-prescription-diet-digestive-care-id-lachs-12x85-g-1365618/", "product_name": "Hill's Prescription Diet Digestive Care i/d Lachs 12x85 g", "brand": "Hill's", "regular_price": 17.55, "selling_price": 15.99, "price_per_unit": 15.68, "breadcrumbs": "PLP > VET Diäten > Katze > Schonkost", "description": "Zur Unterstützung der Verdauung Hilft, Verdauungsstörungen bei Katzen zu reduzieren und die Kotbeschaffenheit zu verbessern Leicht verdauliche Zusammensetzung zur Unterstützung einer besseren Nährstoffaufnahme"}
{"url": "https://www.fressnapf.de/p/whiskas-tasty-mix-multipack-country-collection-in-sauce-24-x-85g-1412426/", "product_name": "Whiskas Tasty Mix Multipack Country Collection in Sauce 24 x 85g", "brand": "Whiskas Nassfutter", "regular_price": 0.0, "selling_price": 8.79, "price_per_unit": 0.0, "breadcrumbs": "Katze > Katzenfutter > Nassfutter", "description": "Leckere Geschmackskombinationen in einer köstlichen Mischung Enthält wichtige Nährstoffe, Vitamine und Mineralstoffe Mit vier aufregenden Rezepturen"}
{"url": "https://www.fressnapf.de/p/kittys-cuisine-crunchy-snack-superfood-100g-1394328/", "product_name": "Kitty's Cuisine Crunchy Snack Superfood 100g", "brand": "Kitty's Cuisine Snacks", "regular_price": 0.0, "selling_price": 2.99, "price_per_unit": 0.0, "breadcrumbs": "Katze > Katzenfutter > Snacks", "description": "knusprige Snacks mit Huhn und Superfoods wie Sanddorn und Heidelbeeren. Ohne Zusatz von Zucker und künstlichen Farbstoffen"}
{"url": "https://www.fressnapf.de/p/katzenliebe-bio-mixpaket-6x200g-1311381/", "product_name": "KatzenLiebe Bio-Mixpaket 6x200g", "brand": "KatzenLiebe Biofutter", "regular_price": 0.0, "selling_price": 14.49, "price_per_unit": 0.0, "breadcrumbs": "Katze > Katzenfutter > Biofutter", "description": "Hoher Proteingehalt Ohne Zusatzstoffe und Konservierungsmittel Laktosefrei"}
{"url": "https://www.fressnapf.de/p/catz-finefood-nassfutter-katze-bio-adult-multipack-6x200-g-1298150/", "product_name": "Catz finefood Nassfutter Katze Bio Adult Multipack 6x200 g", "brand": "Catz finefood Nassfutter", "regular_price": 0.0, "selling_price": 17.49, "price_per_unit": 0.0, "breadcrumbs": "Katze > Katzenfutter > Nassfutter", "description": "keine Verwendung von Formfleisch oder Knochenmehlen kein Getreide kein Zusatz von Zucker, Farb- oder Aromastoffen"}
{"url": "https://www.fressnapf.de/p/happy-cat-minkas-hairball-control-gefluegel-4-kg-1070814/", "product_name": "HAPPY CAT Minkas Hairball Control Geflügel 4 kg", "brand": "HAPPY CAT Trockenfutter", "regular_price": 0.0, "selling_price": 17.99, "price_per_unit": 0.0, "breadcrumbs": "Katze > Katzenfutter > Trockenfutter", "description": "Reduziert Haarballenbildung Mit Omega-3- und Omega-6-Fettsäuren Mit vielen wertvollen Vitaminen"}
{"url": "https://www.fressnapf.de/p/real-nature-original-nassfutter-fuer-katzen-adult-16x100-g-gefluegel-mit-kaninchen-und-leinoel-pat--pastete-mousse-1246887/", "product_name": "REAL NATURE Original Nassfutter für Katzen Adult 16x100 g Geflügel mit Kaninchen und Leinöl, Paté / Pastete/ Mousse", "brand": "REAL NATURE Nassfutter", "regular_price": 0.0, "selling_price": 15.57, "price_per_unit": 0.0, "breadcrumbs": "Katze > Katzenfutter > Nassfutter", "description": "Naturnahe Ernährung Hochwertige Proteine Ohne Zusatz von Zucker, Farb- und Aromastoffen"}
{"url": "https://www.fressnapf.de/p/kattovit-feline-diet-niererenal-schaf--lamm-12x85-g-1348206/", "product_name": "KATTOVIT Feline Diet Niere/Renal Schaf & Lamm 12x85 g", "brand": "KATTOVIT", "regular_price": 10.68, "selling_price": 9.49, "price_per_unit": 9.3, "breadcrumbs": "PLP > VET Diäten > Katze > Nierendiät", "description": "Zur Unterstützung der Nierenfunktion leicht Verdauliche Zusammensetzung Zur Verringerung der Oxalsteinbildung"}
{"url": "https://www.fressnapf.de/p/schmusy-ragout-nassfutter-katze-adult-in-gelee-huhn-22x100-g-1343249/", "product_name": "Schmusy Ragout Nassfutter Katze Adult in Gelee Huhn 22x100 g", "brand": "Schmusy Nassfutter", "regular_price": 12.1, "selling_price": 10.99, "price_per_unit": 5.0, "breadcrumbs": "Katze > Katzenfutter > Nassfutter", "description": "Leckere Stückchen in Jelly Neue und verbesserte Rezeptur Getreidefrei"}
{"url": "https://www.fressnapf.de/p/royal-canin-veterinary-renal-select-400-g-1342250/", "product_name": "ROYAL CANIN Veterinary RENAL SELECT 400 g", "brand": "ROYAL CANIN", "regular_price": 6.56, "selling_price": 6.49, "price_per_unit": 16.22, "breadcrumbs": "PLP > VET Diäten > Katze > Nierendiät", "description": "Diätetisches Management bei chronischen Nierenerkrankungen Nierenentlastung Appetitanregend"}
{"url": "https://www.fressnapf.de/p/purina-one-bifensis-indoor-mit-truthahn-und-vollkorn-750-g-1396869/", "product_name": "Purina ONE BIFENSIS Indoor mit Truthahn und Vollkorn 750 g", "brand": "Purina ONE Trockenfutter", "regular_price": 0.0, "selling_price": 4.49, "price_per_unit": 0.0, "breadcrumbs": "Katze > Katzenfutter > Trockenfutter", "description": "Hilft die Haarballenbildung zu mindern Angepassten Protein- und Fettgehalt unterstützt die Erhaltung eines schlanken und gesunden Körperbaus Extra für im Haus lebende Katzen entwickelt"}
{"url": "https://www.fressnapf.de/p/multifit-soft-snack-7x50g-huhn-1211222/", "product_name": "MultiFit Soft Snack 7x50g Huhn", "brand": "MultiFit Snacks", "regular_price": 0.0, "selling_price": 12.25, "price_per_unit": 0.0, "breadcrumbs": "Katze > Katzenfutter > Snacks", "description": "softiger Fleisch-/Fischsnack ohne Zusatz von künstlichen Aromastoffen in Herz-, Fisch- oder Entenform"}
{"url": "https://www.fressnapf.de/p/royal-canin-veterinary-gastrointestinal-moderate-calorie-in-sosse-12x85g-1335042/", "product_name": "ROYAL CANIN Veterinary Gastrointestinal Moderate Calorie, in Soße 12x85g", "brand": "ROYAL CANIN", "regular_price": 0.0, "selling_price": 16.99, "price_per_unit": 0.0, "breadcrumbs": "PLP > VET Diäten > Katze > Schonkost", "description": "Unterstützt die Verdauung Moderater Kaloriengehalt Hohe Akzeptanz"}
{"url": "https://www.fressnapf.de/p/real-nature-wilderness--premiere-kitten-probierpaket-1265729/", "product_name": "REAL NATURE WILDERNESS & PREMIERE Kitten Probierpaket", "brand": "REAL NATURE Trockenfutter", "regular_price": 0.0, "selling_price": 7.78, "price_per_unit": 0.0, "breadcrumbs": "Katze > Katzenfutter > Trockenfutter", "description": "Premium Trockenfutter für Kitten 2 - 12 Monaten frei von Konservierungsmitteln & Farbstoffen hochwertige tierische Proteinquellen"}
{"url": "https://www.fressnapf.de/p/whiskas-pure-delight-mega-pack-gefluegel-ragout-in-gelee-40-x-85g-1410723/", "product_name": "Whiskas Pure Delight Mega Pack Geflügel Ragout in Gelee 40 x 85g", "brand": "Whiskas Nassfutter", "regular_price": 0.0, "selling_price": 13.99, "price_per_unit": 0.0, "breadcrumbs": "Katze > Katzenfutter > Nassfutter", "description": "hochwertige Proteine, ohne künstliche Farb- oder Konservierungsstoffe schonend gegarte & gedämpfte zarte Stückchen deckt 100 % des täglichen Bedarfs deiner Katze"}
{"url": "https://www.fressnapf.de/p/mera-kitten-ente-400g-1362296/", "product_name": "mera Kitten Ente 400g", "brand": "mera Trockenfutter", "regular_price": 0.0, "selling_price": 4.49, "price_per_unit": 0.0, "breadcrumbs": "Katze > Katzenfutter > Trockenfutter", "description": "Für ein starkes Immunsystem Ohne Zusatz von Zucker sowie künstlichen Farb-, Aroma- und Konservierungsstoffen Verpackung aus vollständig recyclebarem Kunststoff"}
{"url": "https://www.fressnapf.de/p/hills-science-plan-sensitive-stomach--skin-adult-15-kg-1264718/", "product_name": "Hill's Science Plan Sensitive Stomach & Skin Adult 1,5 kg", "brand": "Hill's Trockenfutter", "regular_price": 21.99, "selling_price": 19.19, "price_per_unit": 12.79, "breadcrumbs": "Katze > Katzenfutter > Trockenfutter", "description": "Enthält Vitamin E und Omega-6-Fettsäuren für ein gesundes Fell Dräbiotischen Fasern im Katzenfutter fördern ein gesundes Darmmikrobiom Trockenfutter für Katzen als Lösung bei Verdauungsproblemen"}
{"url": "https://www.fressnapf.de/p/happy-cat-culinary-adult-voralpen-rind-300-g-1355194/", "product_name": "HAPPY CAT Culinary Adult Voralpen Rind 300 g", "brand": "HAPPY CAT Trockenfutter", "regular_price": 52.99, "selling_price": 2.63, "price_per_unit": 3.68, "breadcrumbs": "Katze > Katzenfutter > Trockenfutter", "description": "unterstützt die Zahnpflege 86% tierisches Protein Krokettengröße L"}
{"url": "https://www.fressnapf.de/p/royal-canin-appetite-control-care-2-kg-1343680/", "product_name": "ROYAL CANIN Appetite Control Care 2 kg", "brand": "ROYAL CANIN Trockenfutter", "regular_price": 30.9, "selling_price": 26.99, "price_per_unit": 13.5, "breadcrumbs": "Katze > Katzenfutter > Trockenfutter", "description": "Hilft, das Bettelverhalten von Katzen zu kontrollieren Enthält einen speziell angepassten Protein- und Fettgehalt Angereichert mit L-Carnitin, das an einem gesunden Fettstoffwechsel beteiligt ist"}
{"url": "https://www.fressnapf.de/p/hills-science-plan-senior-vitality-7-mature-adult-12x85-g-1259133/", "product_name": "Hill's Science Plan Senior Vitality 7+ Mature Adult 12x85 g", "brand": "Hill's Nassfutter", "regular_price": 16.99, "selling_price": 15.29, "price_per_unit": 14.99, "breadcrumbs": "Katze > Katzenfutter > Nassfutter", "description": "hilft bei Alterserscheinungen für Katzen ab 7 Jahren liefert einen exakt ausgewogenen Nährstoffgehalt unterstützt Gesundheit des Immunsystems"}
{"url": "https://www.fressnapf.de/p/miamor-trinkfein-vitaldrink-kitten-mit-huhn-24x125ml-1350555/", "product_name": "Miamor Trinkfein Vitaldrink Kitten mit Huhn 24x125ml", "brand": "Miamor Snacks", "regular_price": 23.76, "selling_price": 21.99, "price_per_unit": 7.33, "breadcrumbs": "Katze > Katzenfutter > Snacks", "description": "für Kitten motiviert zum Trinken mit Omega 3"}
{"url": "https://www.fressnapf.de/p/orijen-six-fish-cat-18-kg-1260996/", "product_name": "Orijen Six Fish Cat 1,8 kg", "brand": "Orijen Trockenfutter", "regular_price": 0.0, "selling_price": 36.99, "price_per_unit": 0.0, "breadcrumbs": "Katze > Katzenfutter > Trockenfutter", "description": "Trockenfutter mit 42% Fischprotein Ohne Getreide, Kartoffel oder Tapioka „Ganze-Beute“-Prinzip für eine hohe Nährstoffdichte"}
{"url": "https://www.fressnapf.de/p/real-nature-wilderness-meat-flakes-12x10g-pure-chicken-1236685/", "product_name": "REAL NATURE WILDERNESS Meat Flakes 12x10g Pure Chicken", "brand": "REAL NATURE Snacks", "regular_price": 0.0, "selling_price": 15.48, "price_per_unit": 0.0, "breadcrumbs": "Katze > Katzenfutter > Snacks", "description": "schonend ofengetrocknet nur 5% Fett (Thunfisch 1,8%) ohne Zusatz von künstlichen Konservierungsmitteln, Farb- & Aromastoffen"}
{"url": "https://www.fressnapf.de/p/canina-kokosoel-200ml-1230719/", "product_name": "Canina Kokosöl 200ml", "brand": "Canina Ergänzungsfutter & Aufzucht", "regular_price": 0.0, "selling_price": 9.99, "price_per_unit": 0.0, "breadcrumbs": "Katze > Katzenfutter > Ergänzungsfutter & Aufzucht", "description": "positiven Effekt auf den Stoffwechsel nicht raffiniert, gebleicht, gehärtet oder desodoriert zur inner- und äußerlichen Anwendung"}
{"url": "https://www.fressnapf.de/p/real-nature-wilderness-adult-pure-chicken-6x800-g-1335015/", "product_name": "REAL NATURE WILDERNESS Adult Pure Chicken 6x800 g", "brand": "REAL NATURE Nassfutter", "regular_price": 0.0, "selling_price": 31.74, "price_per_unit": 0.0, "breadcrumbs": "Katze > Katzenfutter > Nassfutter", "description": "Ursprüngliche Ernährung nach dem Vorbild der Wildkatze Mit hohem Fleischanteil: mindestens 97% (inkl. Brühe) Getreidefreie Rezeptur"}
{"url": "https://www.fressnapf.de/p/animonda-vom-feinsten-adult-milkies-32x100g-huhn-in-milchsauce-1360945/", "product_name": "animonda Vom Feinsten Adult Milkies 32x100g Huhn, in Milchsauce", "brand": "animonda Nassfutter", "regular_price": 31.68, "selling_price": 22.08, "price_per_unit": 6.9, "breadcrumbs": "Katze > Katzenfutter > Nassfutter", "description": "zarte Stückchen in Sahne-, Milch- oder Joghurtsauce einzigartiger Genuss mit ausgewählten, fleischlichen Zutaten"}
{"url": "https://www.fressnapf.de/p/kattovit-urinary-thunfisch-12x85g-1348209/", "product_name": "KATTOVIT Urinary Thunfisch 12x85g", "brand": "KATTOVIT", "regular_price": 10.68, "selling_price": 9.49, "price_per_unit": 9.3, "breadcrumbs": "PLP > VET Diäten > Katze > Urinary", "description": "zur Verringerung von Struvitsteinen unterstützt einen optimalen Urin-pH-Wert reduzierter Magnesiumgehalt"}
{"url": "https://www.fressnapf.de/p/purina-one-bifensis-sterilcat-rind-750-g-1396866/", "product_name": "Purina ONE BIFENSIS Sterilcat Rind 750 g", "brand": "Purina ONE Trockenfutter", "regular_price": 7.39, "selling_price": 4.49, "price_per_unit": 4.49, "breadcrumbs": "Katze > Katzenfutter > Trockenfutter", "description": "Zur Aufrechterhaltung eines gesunden Stoffwechsels nach der Sterilisation Rezeptur mit ausgewogenen Mineralstoffgehalt für gesunde Harnwege Omega-6-Fettsäuren und Zink unterstützen eine gesunde Haut und ein glänzendes Fell"}
{"url": "https://www.fressnapf.de/p/almo-nature-daily-menu-24x85g-thunfisch-und-huhn-1293397/", "product_name": "Almo nature Daily Menu 24x85g Thunfisch und Huhn", "brand": "Almo nature Nassfutter", "regular_price": 19.68, "selling_price": 14.29, "price_per_unit": 7.0, "breadcrumbs": "Katze > Katzenfutter > Nassfutter", "description": "Premium-Zutaten in einer völlig natürlichen Rezeptur Glutenfrei Komplett frei von Konservierungsstoffen oder Farbstoffen"}
{"url": "https://www.fressnapf.de/p/hills-prescription-diet-cd-urinary-multicare-15-kg-1153408/", "product_name": "Hill's Prescription Diet c/d Urinary Multicare 1,5 kg", "brand": "Hill's", "regular_price": 19.0, "selling_price": 18.49, "price_per_unit": 12.33, "breadcrumbs": "PLP > VET Diäten > Katze > Urinary", "description": "Reduziert das Risiko von FLUTD Löst sterile Struvitsteine in weniger als 14 Tagen und reduziert ein Wiederauftreten Mit einem geringen Salzgehalt, um die Gesundheit der Nieren zu erhalten"}
{"url": "https://www.fressnapf.de/p/real-nature-wilderness-adult-mischfuetterung-set-2tlg-1315788/", "product_name": "REAL NATURE WILDERNESS Adult Mischfütterung-Set 2tlg.", "brand": "REAL NATURE Nassfutter", "regular_price": 0.0, "selling_price": 10.48, "price_per_unit": 0.0, "breadcrumbs": "Katze > Katzenfutter > Nassfutter", "description": "Ursprüngliche Ernährung nach dem Vorbild der Wildkatze frei von Konservierungs-, Aroma- und Farbstoffen getreidefreie Rezeptur"}
{"url": "https://www.fressnapf.de/p/hills-prescription-diet-cd-urinary-stress-urinary-care-huhn-15-kg-1157440/", "product_name": "Hill's Prescription Diet c/d Urinary Stress Urinary Care Huhn 1,5 kg", "brand": "Hill's", "regular_price": 20.49, "selling_price": 18.99, "price_per_unit": 12.66, "breadcrumbs": "PLP > VET Diäten > Katze > Urinary", "description": "Reduziert das Risiko von Symptomen einer FIC Zur Minderung von Stress Auflösung von Struvitsteinen"}
{"url": "https://www.fressnapf.de/p/thrive-cat-premiumplus-15-kg-1223370/", "product_name": "Thrive Cat PremiumPlus 1,5 kg", "brand": "Thrive Trockenfutter", "regular_price": 0.0, "selling_price": 17.19, "price_per_unit": 0.0, "breadcrumbs": "Katze > Katzenfutter > Trockenfutter", "description": "Getreidefreie Rezeptur 90% Fleischanteil Mit Süßkartoffeln, Kartoffeln und Lachsöl"}
{"url": "https://www.fressnapf.de/p/happy-cat-care-magen--darm-300-g-1355206/", "product_name": "HAPPY CAT Care Magen & Darm 300 g", "brand": "HAPPY CAT Trockenfutter", "regular_price": 0.0, "selling_price": 4.19, "price_per_unit": 0.0, "breadcrumbs": "Katze > Katzenfutter > Trockenfutter", "description": "Beruhigt Magen & Darm 78% tierisches Protein; Krokettengröße M Glutenfreie Rezeptur"}
{"url": "https://www.fressnapf.de/p/crave-adult-750g-1390276/", "product_name": "CRAVE Adult 750g", "brand": "CRAVE Trockenfutter", "regular_price": 5.99, "selling_price": 5.79, "price_per_unit": 7.72, "breadcrumbs": "Katze > Katzenfutter > Trockenfutter", "description": "100% natürlichem hergestellt Hoher Proteingehalt für eine starke und gesunde Muskulatur Ohne Zusatz von Getreide für eine sensible Verdauung"}
{"url": "https://www.fressnapf.de/p/almo-nature-hfc-jelly-24x70g-lachs-und-huhn-1101509/", "product_name": "Almo nature HFC Jelly 24x70g Lachs und Huhn", "brand": "Almo nature Nassfutter", "regular_price": 34.8, "selling_price": 21.99, "price_per_unit": 13.09, "breadcrumbs": "Katze > Katzenfutter > Nassfutter", "description": "Hochwertige und naturbelassene Rohstoffe Zertifizierte Herkunft der Inhaltsstoffe Glutenfrei"}
{"url": "https://www.fressnapf.de/p/felix-so-gut-wie-es-aussieht-junior-26x85-g-1321932/", "product_name": "Felix So gut wie es aussieht Junior 26x85 g", "brand": "Felix Nassfutter", "regular_price": 0.0, "selling_price": 15.49, "price_per_unit": 0.0, "breadcrumbs": "Katze > Katzenfutter > Nassfutter", "description": "Geeignet für heranwachsende Kätzchen Mit zarten Huhn-Stückchen in Gelee Mit Omega-6-Fettsäuren"}
{"url": "https://www.fressnapf.de/p/whiskas-anti-hairball-8x60g-1331550/", "product_name": "Whiskas Anti-Hairball 8x60g", "brand": "Whiskas Snacks", "regular_price": 12.4, "selling_price": 11.99, "price_per_unit": 24.98, "breadcrumbs": "Katze > Katzenfutter > Snacks", "description": "beugt der Bildung von Haarbällchen vor mit saftigem Kern handverlesen"}
{"url": "https://www.fressnapf.de/p/multifit-its-me-elvis-adult-huhn-24x85-g-1277543/", "product_name": "MultiFit It's Me Elvis Adult Huhn 24x85 g", "brand": "MultiFit Nassfutter", "regular_price": 0.0, "selling_price": 18.96, "price_per_unit": 0.0, "breadcrumbs": "Katze > Katzenfutter > Nassfutter", "description": "Typgerechtes Alleinfuttermittel für ausgewachsene Katzen Mit Biotin zur Unterstützung von Fell und Haut Ohne Zusatz von Zucker, künstlichen Farbstoffen und Konservierungsmitteln"}
{"url": "https://www.fressnapf.de/p/miamor-feine-beute-kitten-gefluegel-12x400-g-1310515/", "product_name": "Miamor Feine Beute Kitten Geflügel 12x400 g", "brand": "Miamor Nassfutter", "regular_price": 23.88, "selling_price": 22.99, "price_per_unit": 4.79, "breadcrumbs": "Katze > Katzenfutter > Nassfutter", "description": "65% Fleisch & Innereien Getreidefrei und artgerecht Beinhaltet alle wichtigen Vitamine und Spurenelemente"}
{"url": "https://www.fressnapf.de/p/real-nature-wilderness-adult-mischfuetterung-set-2tlg-1315787/", "product_name": "REAL NATURE WILDERNESS Adult Mischfütterung-Set 2tlg.", "brand": "REAL NATURE Nassfutter", "regular_price": 0.0, "selling_price": 10.48, "price_per_unit": 0.0, "breadcrumbs": "Katze > Katzenfutter > Nassfutter", "description": "Ursprüngliche Ernährung nach dem Vorbild der Wildkatze frei von Konservierungs-, Aroma- und Farbstoffen getreidefreie Rezeptur"}
{"url": "https://www.fressnapf.de/p/real-nature-original-adult-katzenwurst-12x70-g-rind--lamm-mit-huettenkaese-1285958/", "product_name": "REAL NATURE Original Adult Katzenwurst 12x70 g Rind & Lamm mit Hüttenkäse", "brand": "REAL NATURE Nassfutter", "regular_price": 0.0, "selling_price": 16.68, "price_per_unit": 0.0, "breadcrumbs": "Katze > Katzenfutter > Nassfutter", "description": "Natürlich in den ausgewählten Rohstoffen Hochwertige tierische Bestandteile mit bedarfsgerechtem Proteingehalt Ohne Zusatz von künstlichen Konservierungsmitteln, Farb- und Aromastoffen"}
{"url": "https://www.fressnapf.de/p/bozita-pouch-haeppchen-in-sosse-12x85g-lachs-1366918/", "product_name": "BOZITA Pouch Häppchen in Soße 12x85g Lachs", "brand": "BOZITA Nassfutter", "regular_price": 0.0, "selling_price": 13.99, "price_per_unit": 0.0, "breadcrumbs": "Katze > Katzenfutter > Nassfutter", "description": "Getreidefrei 100% mit erneuerbaren Energien und schwedischen Zutaten produziert Kein Zucker, keine Farbstoffe, keine Konservierungsstoffe"}
{"url": "https://www.fressnapf.de/p/multifit-its-me-sammy-junior-huhn-24x85-g-1277540/", "product_name": "MultiFit It's Me Sammy Junior Huhn 24x85 g", "brand": "MultiFit Nassfutter", "regular_price": 0.0, "selling_price": 18.96, "price_per_unit": 0.0, "breadcrumbs": "Katze > Katzenfutter > Nassfutter", "description": "Typgerechtes Alleinfuttermittel für Kitten und Jungkatzen vom 1.-12. Monat Für optimale Entwicklung von Muskeln Ohne Zusatz von Zucker, künstlichen Farbstoffen und Konservierungsmitteln"}
{"url": "https://www.fressnapf.de/p/whiskas-multipack-7-gefluegel-auswahl-in-sauce-12-x-85g-1412440/", "product_name": "Whiskas Multipack 7+ Geflügel Auswahl in Sauce 12 x 85g", "brand": "Whiskas Nassfutter", "regular_price": 0.0, "selling_price": 4.99, "price_per_unit": 0.0, "breadcrumbs": "Katze > Katzenfutter > Nassfutter", "description": "deckt alle täglichen Bedürfnisse deiner 7+ Katze ausgewogener Mineralstoffgehalt zur Unterstützung gesunder Harnwege zur Unterstützung von Beweglichkeit und voller Vitalität"}
{"url": "https://www.fressnapf.de/p/royal-canin-sensory-feel-in-sosse-fuer-waehlerische-katzen-12x85-g-1368005/", "product_name": "ROYAL CANIN Sensory Feel in Soße für wählerische Katzen 12x85 g", "brand": "ROYAL CANIN Nassfutter", "regular_price": 18.8, "selling_price": 15.59, "price_per_unit": 15.28, "breadcrumbs": "Katze > Katzenfutter > Nassfutter", "description": "Die besondere Textur regt das Mundgefühl von Katzen an Trägt dazu bei, die Sinne der Katze anzuregen und so das Fütterungserlebnis zu intensivieren Instinktive Präferenz der Katze"}
{"url": "https://www.fressnapf.de/p/royal-canin-sensory-taste-in-sosse-fuer-waehlerische-katzen-12x85-g-1368004/", "product_name": "ROYAL CANIN Sensory Taste in Soße für wählerische Katzen 12x85 g", "brand": "ROYAL CANIN Nassfutter", "regular_price": 18.8, "selling_price": 15.59, "price_per_unit": 15.28, "breadcrumbs": "Katze > Katzenfutter > Nassfutter", "description": "Regt den ausgeprägten Geschmackssinn von Katzen an Trägt dazu bei, die Sinne der Katze anzuregen und so das Fütterungserlebnis zu intensivieren Instinktive Präferenz der Katze"}
{"url": "https://www.fressnapf.de/p/royal-canin-veterinary-gastrointestinal-moderate-calorie-400-g-1154644/", "product_name": "ROYAL CANIN Veterinary Gastrointestinal Moderate Calorie 400 g", "brand": "ROYAL CANIN", "regular_price": 56.5, "selling_price": 6.99, "price_per_unit": 13.5, "breadcrumbs": "PLP > VET Diäten > Katze > Schonkost", "description": "Gesunde Verdauung Moderater Kaloriengehalt Hohe Schmackhaftigkeit"}
{"url": "https://www.fressnapf.de/p/fitfun-sticks-25x10-stueck-gefluegel--leber-1100406/", "product_name": "FIT+FUN Sticks 25x10 Stück Geflügel & Leber", "brand": "FIT+FUN Snacks", "regular_price": 0.0, "selling_price": 23.75, "price_per_unit": 0.0, "breadcrumbs": "Katze > Katzenfutter > Snacks", "description": "ohne Zusatz von Zucker und Farbstoffen leckere Sorten 25x10 einzelne Sticks"}
{"url": "https://www.fressnapf.de/p/whiskas-multipack-1-gefluegel-auswahl-in-gelee-12-x-85g-1412425/", "product_name": "Whiskas Multipack 1+ Geflügel Auswahl in Gelee 12 x 85g", "brand": "Whiskas Nassfutter", "regular_price": 0.0, "selling_price": 4.99, "price_per_unit": 0.0, "breadcrumbs": "Katze > Katzenfutter > Nassfutter", "description": "deckt alle täglichen Bedürfnisse deiner 1+ Katze Mit hochwertigem Protein zur Unterstützung starker Muskeln Vitamin C zur Unterstützung der natürlichen Abwehrkräfte"}
{"url": "https://www.fressnapf.de/p/pro-plan-liveclear-sterilised-senior-7-truthahn-14-kg-1351215/", "product_name": "PRO PLAN Liveclear Sterilised Senior 7+ Truthahn 1,4 kg", "brand": "PRO PLAN Trockenfutter", "regular_price": 0.0, "selling_price": 24.99, "price_per_unit": 0.0, "breadcrumbs": "Katze > Katzenfutter > Trockenfutter", "description": "Geeignet für sterilisierte oder kastrierte Senior Katzen ab 7 Jahren Reduziert Allergene auf Katzenhaaren Ohne hinzugefügte Farb- oder Aromastoffe"}
{"url": "https://www.fressnapf.de/p/animonda-milkies-cat-snack-12x30g-wellness-mit-biotin--vitaminen-1273600/", "product_name": "animonda Milkies Cat Snack 12x30g Wellness mit Biotin & Vitaminen", "brand": "animonda Snacks", "regular_price": 15.48, "selling_price": 13.49, "price_per_unit": 37.47, "breadcrumbs": "Katze > Katzenfutter > Snacks", "description": "Rinderziemer XXL ca. 40cm"}
{"url": "https://www.fressnapf.de/p/royal-canin-bengal-adult-10-kg-1257863/", "product_name": "ROYAL CANIN Bengal Adult 10 kg", "brand": "ROYAL CANIN Trockenfutter", "regular_price": 101.9, "selling_price": 74.99, "price_per_unit": 7.5, "breadcrumbs": "Katze > Katzenfutter > Trockenfutter", "description": "Trägt zu einer gesunden Verdauung bei Unterstützt einen athletischen Körperbau Fördert ein schönes und glänzendes Fell"}
{"url": "https://www.fressnapf.de/p/whiskas-multipack-1-gemischte-auswahl-in-gelee-12-x-85g-1412427/", "product_name": "Whiskas Multipack 1+ Gemischte Auswahl in Gelee 12 x 85g", "brand": "Whiskas Nassfutter", "regular_price": 0.0, "selling_price": 4.99, "price_per_unit": 0.0, "breadcrumbs": "Katze > Katzenfutter > Nassfutter", "description": "deckt alle täglichen Bedürfnisse deiner 1+ Katze Mit hochwertigem Protein zur Unterstützung starker Muskeln Vitamin C zur Unterstützung der natürlichen Abwehrkräfte"}
{"url": "https://www.fressnapf.de/p/kattovit-spezial-cream-urinary-66x15-g-1361924/", "product_name": "KATTOVIT Spezial-Cream Urinary 66x15 g", "brand": "KATTOVIT", "regular_price": 25.19, "selling_price": 21.99, "price_per_unit": 22.21, "breadcrumbs": "PLP > VET Diäten > Katze > Urinary", "description": "Für ernährungssensible Katzen Einzelpackung abgestimmt auf eine Tagesportion Niedriger Magnesiumgehalt"}
{"url": "https://www.fressnapf.de/p/purina-one-bifensis-junior-huhn-750-g-1410725/", "product_name": "Purina ONE BIFENSIS Junior Huhn 750 g", "brand": "Purina ONE Trockenfutter", "regular_price": 0.0, "selling_price": 4.49, "price_per_unit": 0.0, "breadcrumbs": "Katze > Katzenfutter > Trockenfutter", "description": "Zur Unterstützung der Darmgesundheit Gesunde Muskel- & Knochenentwicklung durch Proteine & Mineralstoffe Recyclebare Verpackung ohne Auswirkung auf Qualität & Geschmack"}
{"url": "https://www.fressnapf.de/p/bubimex-katzengras-nachfuellbeutel-100g-1208411/", "product_name": "Bubimex Katzengras Nachfüllbeutel 100g", "brand": "Bubimex Snacks", "regular_price": 0.0, "selling_price": 1.59, "price_per_unit": 0.0, "breadcrumbs": "Katze > Katzenfutter > Snacks", "description": "recharge"}
{"url": "https://www.fressnapf.de/p/bozita-pouch-multibox-fleisch---fisch-menue-in-gelee-12x85g---getreidefrei-1367161/", "product_name": "BOZITA Pouch Multibox Fleisch- & Fisch-Menü in Gelee 12x85g - Getreidefrei", "brand": "BOZITA Nassfutter", "regular_price": 0.0, "selling_price": 13.79, "price_per_unit": 0.0, "breadcrumbs": "Katze > Katzenfutter > Nassfutter", "description": "kein Zucker, keine Farbstoffe, keine Konservierungsstoffe 100% mit erneuerbaren Energien und schwedischen Zutaten produziert 0% Getreide"}
{"url": "https://www.fressnapf.de/p/whiskas-duo-multipack-ocean-delights-in-gelee-12-x-85g-1412433/", "product_name": "Whiskas Duo Multipack Ocean Delights in Gelee 12 x 85g", "brand": "Whiskas Nassfutter", "regular_price": 0.0, "selling_price": 4.99, "price_per_unit": 0.0, "breadcrumbs": "Katze > Katzenfutter > Nassfutter", "description": "Jede saftige Rezeptur kombiniert 2 Geschmacksrichtungen Enthält wichtige Nährstoffe, Vitamine und Mineralstoffe Enthält vier unwiderstehliche Fischkombinationen"}
{"url": "https://www.fressnapf.de/p/gourmet-gold-saftig-feine-streifen-12x85g-lachs-1408340/", "product_name": "GOURMET Gold Saftig-feine Streifen 12x85g Lachs", "brand": "GOURMET Nassfutter", "regular_price": 0.0, "selling_price": 7.19, "price_per_unit": 0.0, "breadcrumbs": "Katze > Katzenfutter > Nassfutter", "description": "Mit Vitamin A, Vitamin D3 und Mineralstoffen Ohne Zusatz von künstlichen Aroma- und Konservierungsstoffen Ohne Farbstoffe"}
{"url": "https://www.fressnapf.de/p/animonda-integra-protect-diabetes-gefluegel-6x100-g-1338364/", "product_name": "animonda Integra Protect Diabetes Geflügel 6x100 g", "brand": "animonda", "regular_price": 8.1, "selling_price": 7.79, "price_per_unit": 12.98, "breadcrumbs": "PLP > VET Diäten > Katze > Diabetes", "description": "bei Diabetes mellitus proteinreich keine Stärke"}
{"url": "https://www.fressnapf.de/p/purina-one-bifensis-adult-huhn--vollkorngetreide-750-g-1396864/", "product_name": "Purina ONE Bifensis Adult Huhn & Vollkorngetreide 750 g", "brand": "Purina ONE Trockenfutter", "regular_price": 0.0, "selling_price": 4.49, "price_per_unit": 0.0, "breadcrumbs": "Katze > Katzenfutter > Trockenfutter", "description": "Rezeptur mit ausgewogenen Mineralstoffgehalt für gesunde Harnwege Ohne Konservierungsstoffe oder Zusatz von künstlichen Aroma- und Farbstoffen Recyclebare Verpackung ohne Auswirkung auf Qualität und Geschmack"}
{"url": "https://www.fressnapf.de/p/whiskas-gesundes-fell-8x50g-1331548/", "product_name": "Whiskas Gesundes Fell 8x50g", "brand": "Whiskas Snacks", "regular_price": 12.4, "selling_price": 12.19, "price_per_unit": 30.47, "breadcrumbs": "Katze > Katzenfutter > Snacks", "description": "für ein gesundes Fell und gesunde Haut mit Biotin und Vitamin B"}
{"url": "https://www.fressnapf.de/p/crave-mit-lachs-und-weissfisch-750-g-1337421/", "product_name": "CRAVE mit Lachs und Weißfisch 750 g", "brand": "CRAVE Trockenfutter", "regular_price": 19.99, "selling_price": 5.99, "price_per_unit": 6.53, "breadcrumbs": "Katze > Katzenfutter > Trockenfutter", "description": "Hergestellt mit 100% natürlichem Fisch Mit hohem Proteingehalt für eine starke und gesunde Muskulatur Ohne Zusatz von Getreide für eine sensible Verdauung"}
{"url": "https://www.fressnapf.de/p/kattovit-niererenal-24x85g-pouch-huhn-1397940/", "product_name": "KATTOVIT Niere/Renal 24x85g Pouch Huhn", "brand": "KATTOVIT", "regular_price": 18.96, "selling_price": 17.49, "price_per_unit": 8.57, "breadcrumbs": "PLP > VET Diäten > Katze > Nierendiät", "description": "Zur Unterstützung der Nierenfunktion bei chronischer Niereninsuffzienz Zur Verringerung von Oxalsteinbildung Leicht verdauliche Zusammensetzung"}
{"url": "https://www.fressnapf.de/p/purina-one-bifensis-senior-7-huhn--vollkorn-750-g-1407949/", "product_name": "Purina ONE BIFENSIS Senior 7+ Huhn & Vollkorn 750 g", "brand": "Purina ONE Trockenfutter", "regular_price": 0.0, "selling_price": 4.49, "price_per_unit": 0.0, "breadcrumbs": "Katze > Katzenfutter > Trockenfutter", "description": "Zur Unterstützung der Vitalfunktionen & Gesundheit des Körpers älterer Katzen Fördert gesunde Nieren dank der Vitamine E & C Recyclebare Verpackung ohne Auswirkung auf Qualität und Geschmack"}
{"url": "https://www.fressnapf.de/p/sheba-delikatesse-in-gelee-28x85-g-truthahn-1390775/", "product_name": "Sheba Delikatesse in Gelee 28x85 g Truthahn", "brand": "Sheba Nassfutter", "regular_price": 0.0, "selling_price": 19.29, "price_per_unit": 0.0, "breadcrumbs": "Katze > Katzenfutter > Nassfutter", "description": "Hochwertiges Nassfutter, das Ihre Katze mit allen Nährstoffen versorgt Alleinfuttermittel für ausgewachsene Katzen Hergestellt mit natürlichen und hochwertigen Inhaltsstoffen für eine ausgewogene Ernährung"}
{"url": "https://www.fressnapf.de/p/hills-prescription-diet-td-mit-huhn-zur-zahnpflege-15-kg-1154417/", "product_name": "Hill's Prescription Diet t/d mit Huhn zur Zahnpflege 1,5 kg", "brand": "Hill's", "regular_price": 22.15, "selling_price": 20.99, "price_per_unit": 13.99, "breadcrumbs": "PLP > VET Diäten > Katze > Zähne", "description": "Dieses Katzenfutter reinigt die Zähne und fördert ein gesundes Zahnfleisch. Katzennahrung, die die Gesundheit und das Immunsystem unterstützt. Das Katzenfutter ist auf die Unterstützung der Zahngesundheitpflege abgestimmt"}
{"url": "https://www.fressnapf.de/p/crave-mit-truthahn-und-huhn-28-kg-1378533/", "product_name": "CRAVE mit Truthahn und Huhn 2,8 kg", "brand": "CRAVE Trockenfutter", "regular_price": 5.99, "selling_price": 5.79, "price_per_unit": 7.72, "breadcrumbs": "Katze > Katzenfutter > Trockenfutter", "description": "Hergestellt aus100% natürlichem Huhn Hoher Proteingehalt für eine starke und gesunde Muskulatur Ohne Zusatz von Getreide für eine sensible Verdauung"}
{"url": "https://www.fressnapf.de/p/wildes-land-adult-12x100g-ente--pute-1323381/", "product_name": "WILDES LAND Adult 12x100g Ente & Pute", "brand": "WILDES LAND Nassfutter", "regular_price": 0.0, "selling_price": 17.49, "price_per_unit": 0.0, "breadcrumbs": "Katze > Katzenfutter > Nassfutter", "description": "Bis zu 68% Proteinanteil Getreide- & glutenfrei Frei von Zucker, Farb-, Aroma- und Konservierungsstoffen"}
{"url": "https://www.fressnapf.de/p/iams-vitality-adult-hairball-huhn-10-kg-1012579/", "product_name": "IAMS Vitality Adult Hairball Huhn 10 kg", "brand": "IAMS Trockenfutter", "regular_price": 0.0, "selling_price": 36.99, "price_per_unit": 0.0, "breadcrumbs": "Katze > Katzenfutter > Trockenfutter", "description": "für gesunde Haut und glänzendes Fell Senkung des pH-Wertes im Urin für den Erhalt einer starken Muskulatur"}
{"url": "https://www.fressnapf.de/p/gimcat-expert-line-relax-paste-50-g-1338381/", "product_name": "GimCat Expert Line Relax Paste 50 g", "brand": "GimCat Ergänzungsfutter & Aufzucht", "regular_price": 0.0, "selling_price": 6.19, "price_per_unit": 0.0, "breadcrumbs": "Katze > Katzenfutter > Ergänzungsfutter & Aufzucht", "description": "unterstützt Entspannung und Wohlbefinden ohne Zusatz von Zucker made in Germany"}
{"url": "https://www.fressnapf.de/p/select-gold-milk-set-kitten-inkl-milchflasche--loeffel-300g-1261058/", "product_name": "SELECT GOLD Milk-Set Kitten inkl. Milchflasche & Löffel 300g", "brand": "SELECT GOLD Ergänzungsfutter & Aufzucht", "regular_price": 0.0, "selling_price": 17.99, "price_per_unit": 0.0, "breadcrumbs": "Katze > Katzenfutter > Ergänzungsfutter & Aufzucht", "description": "Aufzuchtsmilch-Komplettset für Kitten Auch für geschwächte oder säugende Muttertiere geeignet Mit DHA & prebiotisch"}
{"url": "https://www.fressnapf.de/p/hills-science-plan-adult-thunfisch-300-g-1322202/", "product_name": "Hill's Science Plan Adult Thunfisch 300 g", "brand": "Hill's Trockenfutter", "regular_price": 34.49, "selling_price": 3.29, "price_per_unit": 8.66, "breadcrumbs": "Katze > Katzenfutter > Trockenfutter", "description": "Mit wertvollem Taurin Für eine schonende und gesunde Verdauung Mit einem ausgewogenen Mineralstoffgehalt"}
{"url": "https://www.fressnapf.de/p/sheba-multipack-natures-collection-in-sauce-8x85g-gefluegel-variation-1364487/", "product_name": "Sheba Multipack Nature's Collection in Sauce 8x85g Geflügel Variation", "brand": "Sheba Nassfutter", "regular_price": 0.0, "selling_price": 6.49, "price_per_unit": 0.0, "breadcrumbs": "Katze > Katzenfutter > Nassfutter", "description": "Natürliche und hochwertige Zutaten Praktische Portionsschälchen Mehrere Sorten im Mix"}
{"url": "https://www.fressnapf.de/p/kittys-cuisine-crunchy-snack-insektenprotein-100g-1394329/", "product_name": "Kitty's Cuisine Crunchy Snack Insektenprotein 100g", "brand": "Kitty's Cuisine Snacks", "regular_price": 0.0, "selling_price": 2.99, "price_per_unit": 0.0, "breadcrumbs": "Katze > Katzenfutter > Snacks", "description": "ab einem Alter von 12 Monaten knusprigen Snacks mit Insektenprotein mit leckerem Lachs, Hagebutten & Katzenminze"}
{"url": "https://www.fressnapf.de/p/beaphar-zahnies-150g-1031021/", "product_name": "Beaphar Zahnies 150g", "brand": "Beaphar Snacks", "regular_price": 0.0, "selling_price": 3.99, "price_per_unit": 0.0, "breadcrumbs": "Katze > Katzenfutter > Snacks", "description": "Fördert die natürliche Regeneration von Zahnfleisch und Zähnen Gegen Ablagerungen und Zahnstein Für einen frischen Atem auf natürliche Art"}
{"url": "https://www.fressnapf.de/p/orijen-regional-red-cat-340-g-1261003/", "product_name": "Orijen Regional Red Cat 340 g", "brand": "Orijen Trockenfutter", "regular_price": 0.0, "selling_price": 7.49, "price_per_unit": 0.0, "breadcrumbs": "Katze > Katzenfutter > Trockenfutter", "description": "mit 40% Fleisch- und Fischprotein Ohne Getreide, Kartoffel oder Tapioka „Ganze-Beute“-Prinzip für eine hohe Nährstoffdichte"}
{"url": "https://www.fressnapf.de/p/macs-superfood-for-cats-kitten-15kg-1251934/", "product_name": "MAC's Superfood for Cats Kitten 1,5kg", "brand": "MAC's Trockenfutter", "regular_price": 0.0, "selling_price": 13.49, "price_per_unit": 0.0, "breadcrumbs": "Katze > Katzenfutter > Trockenfutter", "description": "getreidefreie Vollnahrung naturnahe Ernährung für Kitten"}
{"url": "https://www.fressnapf.de/p/kittys-cuisine-crunchy-snack-kitten-100g-1394330/", "product_name": "Kitty's Cuisine Crunchy Snack Kitten 100g", "brand": "Kitty's Cuisine Snacks", "regular_price": 0.0, "selling_price": 2.99, "price_per_unit": 0.0, "breadcrumbs": "Katze > Katzenfutter > Snacks", "description": "für Kitten ab einem Alter von 2 Monaten Mit Huhn, Superfoods, Kokos & Heidelbeeren Ohne Zusatz von Zucker und künstlichen Farbstoffen."}
{"url": "https://www.fressnapf.de/p/sanabelle-sterilized-10-kg-1001060008/", "product_name": "Sanabelle Sterilized 10 kg", "brand": "Sanabelle Trockenfutter", "regular_price": 23.95, "selling_price": 18.99, "price_per_unit": 9.5, "breadcrumbs": "Katze > Katzenfutter > Trockenfutter", "description": "getreidefrei hoher Anteil frisches Geflügelfleisch (20 %) für Katzen, die nach Kastration zur Übergewicht neigen (weight control)"}
{"url": "https://www.fressnapf.de/p/whiskas-pure-delight-vorteilspack-klassisches-ragout-in-gelee-24-x-85g-1412438/", "product_name": "Whiskas Pure Delight Vorteilspack Klassisches Ragout in Gelee 24 x 85g", "brand": "Whiskas Nassfutter", "regular_price": 0.0, "selling_price": 8.79, "price_per_unit": 0.0, "breadcrumbs": "Katze > Katzenfutter > Nassfutter", "description": "hochwertige Proteine, ohne künstliche Farb- oder Konservierungsstoffe schonend gegarte & gedämpfte zarte Stückchen Enthält wichtige Nährstoffe, Vitamine und Mineralstoffe"}
{"url": "https://www.fressnapf.de/p/whiskas-1-adult-trockenfutter-800g-huhn-1390518/", "product_name": "Whiskas 1+ Adult Trockenfutter 800g Huhn", "brand": "Whiskas Trockenfutter", "regular_price": 0.0, "selling_price": 3.19, "price_per_unit": 0.0, "breadcrumbs": "Katze > Katzenfutter > Trockenfutter", "description": "Unterstützt die Zahnpflege durch einen sanften Abriebeffekt Entwickelt, um zur Unterstützung der Gesunderhaltung der Harnwege beizutragen Mit Vitamin A für eine starke Sehkraft"}
{"url": "https://www.fressnapf.de/p/whiskas-multipack-1-fisch-auswahl-in-gelee-24-x-85g-1412421/", "product_name": "Whiskas Multipack 1+ Fisch Auswahl in Gelee 24 x 85g", "brand": "Whiskas Nassfutter", "regular_price": 0.0, "selling_price": 8.79, "price_per_unit": 0.0, "breadcrumbs": "Katze > Katzenfutter > Nassfutter", "description": "deckt alle täglichen Bedürfnisse deiner 1+ Katze Mit hochwertigem Protein zur Unterstützung starker Muskeln Vitamin C zur Unterstützung der natürlichen Abwehrkräfte"}
{"url": "https://www.fressnapf.de/p/premiere-adult-gefluegel-mischfuetterungs-set-1265731/", "product_name": "PREMIERE Adult Geflügel Mischfütterungs-Set", "brand": "PREMIERE Trockenfutter", "regular_price": 0.0, "selling_price": 8.78, "price_per_unit": 0.0, "breadcrumbs": "Katze > Katzenfutter > Trockenfutter", "description": "mit wertvollem Taurin ohne künstliche Farb- und - Konservierungsstoffe hochwertige Trocken- und Nassfutter"}
{"url": "https://www.fressnapf.de/p/mjamjam-fleischgenuss---rind-pur-6x400-g-1382701/", "product_name": "MjAMjAM Fleischgenuss - Rind pur 6x400 g", "brand": "MjAMjAM Nassfutter", "regular_price": 19.74, "selling_price": 16.79, "price_per_unit": 7.0, "breadcrumbs": "Katze > Katzenfutter > Nassfutter", "description": "Ohne Getreide Ohne Konservierungs- oder Geschmacksstoffe Ohne Zucker"}
{"url": "https://www.fressnapf.de/p/mjamjam-gute-pute-an-gedaempftem-kuerbis-12x125g-1383148/", "product_name": "MjAMjAM Gute Pute an gedämpftem Kürbis 12x125g", "brand": "MjAMjAM Nassfutter", "regular_price": 19.08, "selling_price": 16.59, "price_per_unit": 11.06, "breadcrumbs": "Katze > Katzenfutter > Nassfutter", "description": "Ohne Getreide Ohne Konservierungs- oder Geschmacksstoffe Ohne Zucker"}
{"url": "https://www.fressnapf.de/p/royal-canin-expert-calm-2-kg-1153218/", "product_name": "ROYAL CANIN Expert Calm 2 kg", "brand": "ROYAL CANIN", "regular_price": 0.0, "selling_price": 37.49, "price_per_unit": 0.0, "breadcrumbs": "PLP > VET Diäten > Katze > Stress & Angst", "description": "Emotionales Gleichgewicht Darmverträglichkeit Stärkung der Hautbarriere"}
{"url": "https://www.fressnapf.de/p/sanabelle-outdoor-2-kg-1287299/", "product_name": "Sanabelle Outdoor 2 kg", "brand": "Sanabelle Trockenfutter", "regular_price": 22.49, "selling_price": 19.49, "price_per_unit": 9.75, "breadcrumbs": "Katze > Katzenfutter > Trockenfutter", "description": "Hoher Anteil frisches Geflügelfleisch (20 %) sowie frische Ente (5 %) Für Katzen die überwiegend draußen leben (Freigänger) Bei erhöhtem Energiebedarf"}
{"url": "https://www.fressnapf.de/p/hills-prescription-diet-gastrointestinal-biome-digestive--fibre-care-mit-huhn-15-kg-1324241/", "product_name": "Hill's Prescription Diet Gastrointestinal Biome Digestive / Fibre Care mit Huhn 1,5 kg", "brand": "Hill's", "regular_price": 23.99, "selling_price": 20.99, "price_per_unit": 13.99, "breadcrumbs": "PLP > VET Diäten > Katze > Schonkost", "description": "ActivBiome+ Technologie Angereichert mit Flohsamen zur Unterstützung der Darmgesundheit und eines regelmäßigen Kotabsatzes Präbiotische Fasern zur Förderung gesunder Darmbakterien"}
{"url": "https://www.fressnapf.de/p/hills-prescription-diet-food-sensitivities-zd-original-15-kg-1376354/", "product_name": "Hill's Prescription Diet Food Sensitivities z/d Original 1,5 kg", "brand": "Hill's", "regular_price": 22.69, "selling_price": 22.49, "price_per_unit": 14.99, "breadcrumbs": "PLP > VET Diäten > Katze > Schonkost", "description": "Reduzierung von Haut- und Verdauungssymptomen die durch Futtermittelunverträglichkeiten bedingt sind Hochgradig hydrolysierte alleinige tierische Proteinquelle Hilft, eine gesunde Hautbarriere zu fördern"}
{"url": "https://www.fressnapf.de/p/multifit-mini-meat-sticks-25x3x6g-gefluegel--leber-1240281/", "product_name": "MultiFit Mini Meat Sticks 25x3x6g Geflügel & Leber", "brand": "MultiFit Snacks", "regular_price": 0.0, "selling_price": 17.25, "price_per_unit": 0.0, "breadcrumbs": "Katze > Katzenfutter > Snacks", "description": "extra dicke Sticks mit 95% tierischen Bestandteilen ohne Zusatz von Farbstoffen, künstlichen Geschmacksverstärkern und Zucker"}
{"url": "https://www.fressnapf.de/p/macs-nassfutter-kitten-pute--kaninchen-1378799/", "product_name": "MAC's Nassfutter Kitten Pute & Kaninchen", "brand": "MAC's Nassfutter", "regular_price": 0.0, "selling_price": 7.99, "price_per_unit": 0.0, "breadcrumbs": "Katze > Katzenfutter > Nassfutter", "description": "Hoher Fleischanteil Getreidefrei made in Germany"}
{"url": "https://www.fressnapf.de/p/royal-canin-kitten-mousse-in-sosse-12x85-g-1378730/", "product_name": "ROYAL CANIN Kitten Mousse in Soße 12x85 g", "brand": "ROYAL CANIN Nassfutter", "regular_price": 21.6, "selling_price": 16.79, "price_per_unit": 16.46, "breadcrumbs": "Katze > Katzenfutter > Nassfutter", "description": "Instinktive Präferenz Einfaches Kauen Unterstützt die natürlichen Abwehrkräfte"}
{"url": "https://www.fressnapf.de/p/moments-soft-snacks-10x2x15g-huehnchen-1265757/", "product_name": "MOMENTS Soft Snacks 10x2x15g Hühnchen", "brand": "MOMENTS Snacks", "regular_price": 0.0, "selling_price": 14.9, "price_per_unit": 0.0, "breadcrumbs": "Katze > Katzenfutter > Snacks", "description": "Verfeinert mit grünem Tee Köstliche Zwischenmahlzeit mit sehr hohem Fleisch- bzw. Fischanteil Nur 1% Fett"}
{"url": "https://www.fressnapf.de/p/trixie-premio-chicken-mini-sticks-6-x-50-g-1366703/", "product_name": "Trixie Premio Chicken Mini Sticks, 6 x 50 g", "brand": "Trixie Snacks", "regular_price": 0.0, "selling_price": 7.59, "price_per_unit": 0.0, "breadcrumbs": "Katze > Katzenfutter > Snacks", "description": "mit Huhn und Reis Fleischgehalt 67 %"}
{"url": "https://www.fressnapf.de/p/gimcat-kaese-rollis-8x40g-1298089/", "product_name": "GimCat Käse-Rollis 8x40g", "brand": "GimCat Snacks", "regular_price": 0.0, "selling_price": 12.99, "price_per_unit": 0.0, "breadcrumbs": "Katze > Katzenfutter > Snacks", "description": "Getreidefrei Ohne Zuckerzusatz Mit echtem italienischen Hartkäse"}
{"url": "https://www.fressnapf.de/p/schesir-bio-kitten-16x85g-1312248/", "product_name": "Schesir BIO Kitten 16x85g", "brand": "Schesir Nassfutter", "regular_price": 0.0, "selling_price": 29.89, "price_per_unit": 0.0, "breadcrumbs": "Katze > Katzenfutter > Nassfutter", "description": "zertifiziertes biologisches Futter ausschliesslich Inhaltsstoffe erster Wahl ohne zusätzliche Farb- und Konservierungsstoffe"}
{"url": "https://www.fressnapf.de/p/gimcat-duo-paste-multi-vitamin-kaese--12-vitamine-50-g-1390675/", "product_name": "GimCat Duo-Paste Multi-Vitamin Käse + 12 Vitamine 50 g", "brand": "GimCat Snacks", "regular_price": 0.0, "selling_price": 3.99, "price_per_unit": 0.0, "breadcrumbs": "Katze > Katzenfutter > Snacks", "description": "Stärkt das Immunsystem Stärkt körpereigenen Abwehrkräfte Made in Germany"}
{"url": "https://www.fressnapf.de/p/schmusy-nature-meeres-frisch-nassfutter-katze-adult-in-gelee-sardine-pur-24x100-g-1247875/", "product_name": "Schmusy Nature Meeres-Frisch Nassfutter Katze Adult in Gelee Sardine pur 24x100 g", "brand": "Schmusy Nassfutter", "regular_price": 16.56, "selling_price": 15.49, "price_per_unit": 6.45, "breadcrumbs": "Katze > Katzenfutter > Nassfutter", "description": "Mit hochwertigem Protein Enthält wenig Fett ohne Soja (pflanzliche Eiweißextrakte)"}
{"url": "https://www.fressnapf.de/p/kattovit-gastro-lachs-und-reis-24x85g-1371223/", "product_name": "KATTOVIT Gastro Lachs und Reis 24x85g", "brand": "KATTOVIT", "regular_price": 18.96, "selling_price": 16.99, "price_per_unit": 8.33, "breadcrumbs": "PLP > VET Diäten > Katze > Schonkost", "description": "Niedriger Fettgehalt Besonders leicht verdauliche Zusammensetzung Erhöhter Elektrolytgehalt"}
{"url": "https://www.fressnapf.de/p/happy-cat-indoor-adult-voralpen-rind-300-g-1355669/", "product_name": "HAPPY CAT Indoor Adult Voralpen Rind 300 g", "brand": "HAPPY CAT Trockenfutter", "regular_price": 0.0, "selling_price": 3.99, "price_per_unit": 0.0, "breadcrumbs": "Katze > Katzenfutter > Trockenfutter", "description": "reduzierter Stuhlgeruch 86% tierisches Protein Krokettengröße M"}
{"url": "https://www.fressnapf.de/p/mera-finest-fit-outdoor-4kg-1288740003/", "product_name": "mera Finest Fit Outdoor 4kg", "brand": "mera Trockenfutter", "regular_price": 0.0, "selling_price": 23.99, "price_per_unit": 0.0, "breadcrumbs": "Katze > Katzenfutter > Trockenfutter", "description": "Rezeptur ohne Weizen mit viel frischem Geflügelfleisch mit Glucosamin für die Gelenke"}
{"url": "https://www.fressnapf.de/p/happy-cat-culinary-adult-weide-lamm-300-g-1355186/", "product_name": "HAPPY CAT Culinary Adult Weide Lamm 300 g", "brand": "HAPPY CAT Trockenfutter", "regular_price": 0.0, "selling_price": 2.63, "price_per_unit": 0.0, "breadcrumbs": "Katze > Katzenfutter > Trockenfutter", "description": "unterstützt die Gelenke 74% tierisches Protein Krokettengröße M"}
{"url": "https://www.fressnapf.de/p/real-nature-wilderness-adult-mischfuetterungs-set-2tlg-1257084/", "product_name": "REAL NATURE WILDERNESS Adult Mischfütterungs-Set 2tlg.", "brand": "REAL NATURE Trockenfutter", "regular_price": 0.0, "selling_price": 10.48, "price_per_unit": 0.0, "breadcrumbs": "Katze > Katzenfutter > Trockenfutter", "description": "Ursprüngliche Ernährung nach dem Vorbild der Wildkatze frei von Konservierungs-, Aroma- und Farbstoffen getreidefreie Rezeptur"}
{"url": "https://www.fressnapf.de/p/macs-cat-adult-monoprotein-kaninchen-15kg-1251943/", "product_name": "MAC's Cat Adult Monoprotein Kaninchen 1,5kg", "brand": "MAC's Trockenfutter", "regular_price": 0.0, "selling_price": 18.49, "price_per_unit": 0.0, "breadcrumbs": "Katze > Katzenfutter > Trockenfutter", "description": "reich an Omega-Fettsäuren sorgt für gesunde Haut und glänzendes Fell ideal bei empfindlichen Katzen"}
{"url": "https://www.fressnapf.de/p/hills-prescription-diet-weight-loss-rd-mit-huhn-15-kg-1153388/", "product_name": "Hill's Prescription Diet Weight Loss r/d mit Huhn 1,5 kg", "brand": "Hill's", "regular_price": 19.99, "selling_price": 19.49, "price_per_unit": 12.99, "breadcrumbs": "PLP > VET Diäten > Katze > Übergewicht", "description": "Reduzierter Kalorien- und Fettgehalt zur Förderung der Gewichtsabnahme Hoher Ballaststoffgehalt, um ein Hungergefühl und Betteln zu vermeiden Zugefügtes L-Carnitin fördert den Fettstoffwechsel und die Erhaltung der Muskelmasse"}
{"url": "https://www.fressnapf.de/p/royal-canin-sensory-smell-in-sosse-fuer-waehlerische-katzen-12x85-g-1368003/", "product_name": "ROYAL CANIN Sensory Smell in Soße für wählerische Katzen 12x85 g", "brand": "ROYAL CANIN Nassfutter", "regular_price": 18.8, "selling_price": 15.59, "price_per_unit": 15.28, "breadcrumbs": "Katze > Katzenfutter > Nassfutter", "description": "Regt den ausgeprägten Geruchssinn von Katzen an Trägt dazu bei, die Sinne der Katze anzuregen und so das Fütterungserlebnis zu intensivieren Instinktive Präferenz der Katze"}
{"url": "https://www.fressnapf.de/p/bozita-haeppchen-in-sosse-kitten-6x370g-1366917/", "product_name": "BOZITA Häppchen in Soße Kitten 6x370g", "brand": "BOZITA Nassfutter", "regular_price": 0.0, "selling_price": 8.99, "price_per_unit": 0.0, "breadcrumbs": "Katze > Katzenfutter > Nassfutter", "description": "Ohne Soja, Getreide und Konservierungsstoffe Fettarm - nur 5 % Fett Aus qualitativ hochwertigen schwedischen Rohstoffen"}
{"url": "https://www.fressnapf.de/p/mera-cats-for-all-adult-lachs-400-g-1361627/", "product_name": "mera Cats For All Adult Lachs 400 g", "brand": "mera Trockenfutter", "regular_price": 0.0, "selling_price": 4.49, "price_per_unit": 0.0, "breadcrumbs": "Katze > Katzenfutter > Trockenfutter", "description": "Mit Anti-Hairball Komplex Ohne Zusatz von Zucker sowie künstlichen Farb-, Aroma- und Konservierungsstoffen Verpackung aus vollständig recyclebarem Kunststoff"}
{"url": "https://www.fressnapf.de/p/real-nature-wilderness-adult-3x25-kg-mixpaket-1-1267097/", "product_name": "REAL NATURE Wilderness Adult 3x2,5 kg Mixpaket 1", "brand": "REAL NATURE Trockenfutter", "regular_price": 0.0, "selling_price": 80.97, "price_per_unit": 0.0, "breadcrumbs": "Katze > Katzenfutter > Trockenfutter", "description": "Aus 75% hochwertigem Fleisch oder Fisch, 25% Obst, Gemüse und Kräutern Getreidefreie Rezeptur 100% natürlich - in den eingesetzten Rohstoffen"}
{"url": "https://www.fressnapf.de/p/select-gold-snacks-kitten-huhn-mit-joghurt-4x75g-1299353/", "product_name": "SELECT GOLD Snacks Kitten Huhn mit Joghurt 4x75g", "brand": "SELECT GOLD Snacks", "regular_price": 0.0, "selling_price": 10.36, "price_per_unit": 0.0, "breadcrumbs": "Katze > Katzenfutter > Snacks", "description": "getreidefreie Rezeptur Lachsöl und Kupfer können die Fell- und Hautgesundheit unterstützen prebiotisch wirkende Fructo-Oligosaccharide (FOS) können den Aufbau einer stabilen Darmflora fördern"}
{"url": "https://www.fressnapf.de/p/whiskas-jumbo-pack-1-klassische-auswahl-in-sauce-80-x-85g-1410721/", "product_name": "Whiskas Jumbo Pack 1+ Klassische Auswahl in Sauce 80 x 85g", "brand": "Whiskas Nassfutter", "regular_price": 0.0, "selling_price": 29.99, "price_per_unit": 0.0, "breadcrumbs": "Katze > Katzenfutter > Nassfutter", "description": "deckt alle täglichen Bedürfnisse deiner 1+ Katze Mit hochwertigem Protein zur Unterstützung starker Muskeln Vitamin C zur Unterstützung der natürlichen Abwehrkräfte"}
{"url": "https://www.fressnapf.de/p/canina-seealgenmehl-250-g-1012587/", "product_name": "Canina Seealgenmehl 250 g", "brand": "Canina Ergänzungsfutter & Aufzucht", "regular_price": 0.0, "selling_price": 7.49, "price_per_unit": 0.0, "breadcrumbs": "Katze > Katzenfutter > Ergänzungsfutter & Aufzucht", "description": "ein reines Naturprodukt Kondition, Leistungsbereitschaft und Wohlbefinden werden gefördert unterstütz die Pigmentierung"}
{"url": "https://www.fressnapf.de/p/whiskas-pure-delight-multipack-gefluegel-ragout-in-gelee-12-x-85g-1412437/", "product_name": "Whiskas Pure Delight Multipack Geflügel Ragout in Gelee 12 x 85g", "brand": "Whiskas Nassfutter", "regular_price": 0.0, "selling_price": 4.99, "price_per_unit": 0.0, "breadcrumbs": "Katze > Katzenfutter > Nassfutter", "description": "hochwertige Proteine, ohne künstliche Farb- oder Konservierungsstoffe schonend gegarte & gedämpfte zarte Stückchen Enthält wichtige Nährstoffe, Vitamine und Mineralstoffe"}
{"url": "https://www.fressnapf.de/p/happy-cat-senior-weide-lamm-13-kg-1359696/", "product_name": "HAPPY CAT Senior Weide-Lamm 1,3 kg", "brand": "HAPPY CAT Trockenfutter", "regular_price": 0.0, "selling_price": 9.99, "price_per_unit": 0.0, "breadcrumbs": "Katze > Katzenfutter > Trockenfutter", "description": "70% tierisches Protein angepasster Proteingehalt Krokettengröße S"}
{"url": "https://www.fressnapf.de/p/hills-prescription-diet-metabolic-weight-management-mit-huhn-meeresfisch-12x85-g-1678955/", "product_name": "Hill's Prescription Diet Metabolic Weight Management mit Huhn Meeresfisch 12x85 g", "brand": "Hill's", "regular_price": 17.95, "selling_price": 16.49, "price_per_unit": 16.17, "breadcrumbs": "PLP > VET Diäten > Katze > Übergewicht", "description": "Hilft, Übergewicht dauerhaft zu vermeiden Einfache Gewichtsabnahme: Die Katzen verlieren Gewicht, ohne dass die Portionsgrößen übermäßig reduziert werden müssen 88 % der Tiere haben in 2 Monaten zu Hause ihr Gewicht reduziert"}
{"url": "https://www.fressnapf.de/p/mera-senior-huhn-400-g-1346217/", "product_name": "mera Senior Huhn 400 g", "brand": "mera Trockenfutter", "regular_price": 0.0, "selling_price": 4.49, "price_per_unit": 0.0, "breadcrumbs": "Katze > Katzenfutter > Trockenfutter", "description": "artgerechtes Alleinfutter optimal für Senioren nachhaltige Produktion"}
{"url": "https://www.fressnapf.de/p/royal-canin-veterinary-hepatic-2-kg-1155188/", "product_name": "ROYAL CANIN Veterinary HEPATIC 2 kg", "brand": "ROYAL CANIN", "regular_price": 0.0, "selling_price": 31.99, "price_per_unit": 0.0, "breadcrumbs": "PLP > VET Diäten > Katze > Leber & Schilddrüse", "description": "Angepasster Proteingehalt Geringer Kupfergehalt Hoher Energiegehalt"}
{"url": "https://www.fressnapf.de/p/schmusy-ragout-nassfutter-kitten-in-sauce-pute-22x100-g-1343351/", "product_name": "Schmusy Ragout Nassfutter Kitten in Sauce Pute 22x100 g", "brand": "Schmusy Nassfutter", "regular_price": 12.1, "selling_price": 11.29, "price_per_unit": 5.13, "breadcrumbs": "Katze > Katzenfutter > Nassfutter", "description": "Getreidefrei Ohne Farb-, Aroma- und Konservierungsstoffe Neue + verbesserte Rezeptur"}
{"url": "https://www.fressnapf.de/p/edgard--cooper-adult-stueckchen-in-sosse-multipack-8x85g-1387869/", "product_name": "Edgard & Cooper Adult Stückchen in Soße Multipack 8x85g", "brand": "Edgard & Cooper Nassfutter", "regular_price": 0.0, "selling_price": 10.49, "price_per_unit": 0.0, "breadcrumbs": "Katze > Katzenfutter > Nassfutter", "description": "Viel frisches Fleisch & nahrhafte Innereien 0% Zuckerzusatz Kein Junkfood"}
{"url": "https://www.fressnapf.de/p/sheba-classics-in-pastete-22x85g-1390778/", "product_name": "Sheba Classics in Pastete 22x85g", "brand": "Sheba Nassfutter", "regular_price": 0.0, "selling_price": 14.99, "price_per_unit": 0.0, "breadcrumbs": "Katze > Katzenfutter > Nassfutter", "description": "Mit 100% nachhaltig gefangenem Fisch Befriedigt selbst anspruchsvolle Katzen Natürliche und hochwertige Inhaltsstoffe"}
{"url": "https://www.fressnapf.de/p/premiere-adult-sterilised-mischfuetterungs-set-1265734/", "product_name": "PREMIERE Adult Sterilised Mischfütterungs-Set", "brand": "PREMIERE Trockenfutter", "regular_price": 0.0, "selling_price": 8.98, "price_per_unit": 0.0, "breadcrumbs": "Katze > Katzenfutter > Trockenfutter", "description": "hoher Fleischanteil ohne Zusatz von Zucker, künstlichen Farb- & Aromastoffen und Konservierungsmitteln Taurin kann zur Stärkung der Sehkraft beitragen und den Herzmuskel unterstützen"}
{"url": "https://www.fressnapf.de/p/royal-canin-veterinary-gastrointestinal-kitten-400-g-1333204/", "product_name": "ROYAL CANIN Veterinary Gastrointestinal Kitten 400 g", "brand": "ROYAL CANIN", "regular_price": 6.95, "selling_price": 6.89, "price_per_unit": 17.22, "breadcrumbs": "PLP > VET Diäten > Katze > Schonkost", "description": "Gesunde Verdauung Optimales Wachstum Leichtes Einweichen"}
{"url": "https://www.fressnapf.de/p/happy-cat-care-haut--fell-300-g-1355208/", "product_name": "HAPPY CAT Care Haut & Fell 300 g", "brand": "HAPPY CAT Trockenfutter", "regular_price": 0.0, "selling_price": 4.19, "price_per_unit": 0.0, "breadcrumbs": "Katze > Katzenfutter > Trockenfutter", "description": "Reich an hautaktiven Nährstoffen 88% tierisches Protein Krokettengröße M"}
{"url": "https://www.fressnapf.de/p/happy-cat-care-schonkost-niere-300-g-1355214/", "product_name": "HAPPY CAT Care Schonkost Niere 300 g", "brand": "HAPPY CAT Trockenfutter", "regular_price": 27.99, "selling_price": 4.19, "price_per_unit": 6.5, "breadcrumbs": "Katze > Katzenfutter > Trockenfutter", "description": "Unterstützt die Niere Angepasster Proteingehalt Krokettengröße M"}
{"url": "https://www.fressnapf.de/p/whiskas-multipack-7-gefluegel-auswahl-in-sauce-24-x-85g-1412423/", "product_name": "Whiskas Multipack 7+ Geflügel Auswahl in Sauce 24 x 85g", "brand": "Whiskas Nassfutter", "regular_price": 0.0, "selling_price": 8.79, "price_per_unit": 0.0, "breadcrumbs": "Katze > Katzenfutter > Nassfutter", "description": "deckt alle täglichen Bedürfnisse deiner 7+ Katze ausgewogener Mineralstoffgehalt zur Unterstützung gesunder Harnwege Mit B-Vitaminen & Eisen zur Unterstützung von Beweglichkeit und Vitalität"}
{"url": "https://www.fressnapf.de/p/animonda-carny-kitten-gefluegel-cocktail-12x200-g-1417313/", "product_name": "animonda Carny Kitten Geflügel Cocktail 12x200 g", "brand": "animonda Nassfutter", "regular_price": 18.6, "selling_price": 10.19, "price_per_unit": 4.25, "breadcrumbs": "Katze > Katzenfutter > Nassfutter", "description": "speziell für Katzenkinder im ersten Jahr kleine, zarte Stückchen 100 % frische, fleischliche Zutaten"}
{"url": "https://www.fressnapf.de/p/hills-science-plan-mature-adult-7-thunfisch-15-kg-1322220/", "product_name": "Hill's Science Plan Mature Adult 7+ Thunfisch 1,5 kg", "brand": "Hill's Trockenfutter", "regular_price": 19.99, "selling_price": 16.19, "price_per_unit": 10.79, "breadcrumbs": "Katze > Katzenfutter > Trockenfutter", "description": "Katzenfutter mit Taurin für Herzgesundheit und ausgewogenem Mineralstoffgehalt Vitamin E, Omega-3- und Omega-6-Fettsäuren für schöne Haut und ein glattes Fell Leicht verdauliches Katzenfutter mit natürlichen Fasern für die Verdauung"}
{"url": "https://www.fressnapf.de/p/applaws-adult-huhn-mit-ente-75-kg-1190584/", "product_name": "Applaws Adult Huhn mit Ente 7,5 kg", "brand": "Applaws Trockenfutter", "regular_price": 0.0, "selling_price": 42.99, "price_per_unit": 0.0, "breadcrumbs": "Katze > Katzenfutter > Trockenfutter", "description": "mindestens 80% tierische Proteine frei von Konservierungs-, Aroma- und Farbstoffen getreidefrei"}
{"url": "https://www.fressnapf.de/p/happy-cat-young-junior-land-gefluegel-300-g-1355182/", "product_name": "HAPPY CAT Young Junior Land Geflügel 300 g", "brand": "HAPPY CAT Trockenfutter", "regular_price": 0.0, "selling_price": 3.99, "price_per_unit": 0.0, "breadcrumbs": "Katze > Katzenfutter > Trockenfutter", "description": "harmonisches Wachstum 79% tierisches Protein Krokettengröße S"}
{"url": "https://www.fressnapf.de/p/katzenliebe-adult-15x100g-bio-huhn-1242560/", "product_name": "KatzenLiebe Adult 15x100g Bio Huhn", "brand": "KatzenLiebe Nassfutter", "regular_price": 0.0, "selling_price": 17.99, "price_per_unit": 0.0, "breadcrumbs": "Katze > Katzenfutter > Nassfutter", "description": "Fleischanteil >90% Bio-zertifiziert konsequenter Verzicht auf Zusatzstoffe"}
{"url": "https://www.fressnapf.de/p/happy-cat-culinary-adult-atlantik-lachs-300-g-1355190/", "product_name": "HAPPY CAT Culinary Adult Atlantik Lachs 300 g", "brand": "HAPPY CAT Trockenfutter", "regular_price": 0.0, "selling_price": 2.79, "price_per_unit": 0.0, "breadcrumbs": "Katze > Katzenfutter > Trockenfutter", "description": "Haarballenkontrolle 81% tierisches Protein Krokettengröße M"}
{"url": "https://www.fressnapf.de/p/royal-canin-veterinary-gastrointestinal-hairball-2-kg-1336187/", "product_name": "ROYAL CANIN Veterinary Gastrointestinal Hairball 2 kg", "brand": "ROYAL CANIN", "regular_price": 0.0, "selling_price": 30.99, "price_per_unit": 0.0, "breadcrumbs": "PLP > VET Diäten > Katze > Haut & Fell", "description": "Gesunde Verdauung Haarballen-Komplex Moderater Kaloriengehalt"}
{"url": "https://www.fressnapf.de/p/lilys-kitchen-nassfutter-kitten-smooth-pat-huhn-19x85-g-1323366/", "product_name": "LILY'S KITCHEN Nassfutter Kitten Smooth Patè Huhn 19x85 g", "brand": "LILY'S KITCHEN Nassfutter", "regular_price": 0.0, "selling_price": 20.99, "price_per_unit": 0.0, "breadcrumbs": "Katze > Katzenfutter > Nassfutter", "description": "Frisch zubereitet Mit essenziellem Taurin Getreidefrei"}
{"url": "https://www.fressnapf.de/p/real-nature-wilderness-mischfuetterungs-set-adult-true-country-300g--4x100g-multipack-1265723/", "product_name": "REAL NATURE Wilderness Mischfütterungs-Set Adult True Country 300g + 4x100g Multipack", "brand": "REAL NATURE Trockenfutter", "regular_price": 0.0, "selling_price": 10.48, "price_per_unit": 0.0, "breadcrumbs": "Katze > Katzenfutter > Trockenfutter", "description": "Ursprüngliche Ernährung nach dem Vorbild der Wildkatze frei von Konservierungs-, Aroma- und Farbstoffen getreidefreie Rezeptur"}
{"url": "https://www.fressnapf.de/p/gimcat-milkbits-8x40g-1298091/", "product_name": "GimCat MilkBits 8x40g", "brand": "GimCat Snacks", "regular_price": 0.0, "selling_price": 13.99, "price_per_unit": 0.0, "breadcrumbs": "Katze > Katzenfutter > Snacks", "description": "Regen zum Spielen an Soft-Snack Mit Milchgeschmack"}
{"url": "https://www.fressnapf.de/p/happy-cat-adult-indoor-atlantik-lachs-13-kg-1359688/", "product_name": "HAPPY CAT Adult Indoor Atlantik-Lachs 1,3 kg", "brand": "HAPPY CAT Trockenfutter", "regular_price": 0.0, "selling_price": 9.99, "price_per_unit": 0.0, "breadcrumbs": "Katze > Katzenfutter > Trockenfutter", "description": "reduzierter Stuhlgeruch 78% tierisches Protein Krokettengröße M"}
{"url": "https://www.fressnapf.de/p/happy-cat-senior-atlantik-lachs-300-g-1355204/", "product_name": "HAPPY CAT Senior Atlantik Lachs 300 g", "brand": "HAPPY CAT Trockenfutter", "regular_price": 0.0, "selling_price": 3.99, "price_per_unit": 0.0, "breadcrumbs": "Katze > Katzenfutter > Trockenfutter", "description": "angepasster Proteingehalt 71% tierisches Protein Krokettengröße S"}
{"url": "https://www.fressnapf.de/p/purina-one-dualnature-uribalance-mit-cranberries-650g-1396352/", "product_name": "Purina ONE DualNature Uribalance mit Cranberries 650g", "brand": "Purina ONE Trockenfutter", "regular_price": 0.0, "selling_price": 5.29, "price_per_unit": 0.0, "breadcrumbs": "Katze > Katzenfutter > Trockenfutter", "description": "Reduziert die Zahnsteinbildung um bis zu 40% Rezeptur mit ausgewogenen Mineralstoffgehalt für gesunde Knochen Recyclebare Verpackung ohne Auswirkung auf Qualität und Geschmack"}
{"url": "https://www.fressnapf.de/p/animonda-carny-adult-huhn--rind-350-g-1395922/", "product_name": "animonda Carny Adult Huhn & Rind 350 g", "brand": "animonda Trockenfutter", "regular_price": 3.99, "selling_price": 2.71, "price_per_unit": 7.74, "breadcrumbs": "Katze > Katzenfutter > Trockenfutter", "description": "65 % Fleisch und tierische Zutaten mit 35 % frischem Hühnerfleisch 0 % Getreide in der Rezeptur"}
{"url": "https://www.fressnapf.de/p/lilys-kitchen-nassfutter-katze-adult-smooth-pat-ente--truthahn-19x85-g-1916936/", "product_name": "LILY'S KITCHEN Nassfutter Katze Adult Smooth Patè Ente & Truthahn 19x85 g", "brand": "LILY'S KITCHEN Nassfutter", "regular_price": 0.0, "selling_price": 20.99, "price_per_unit": 0.0, "breadcrumbs": "Katze > Katzenfutter > Nassfutter", "description": "Frisch zubereitet Mit Omega-3 & Omega-6-Fettsäuren Getreidefrei"}
{"url": "https://www.fressnapf.de/p/mjamjam-quetschie-probierpaket-i-12x125g-1374428/", "product_name": "MjAMjAM Quetschie Probierpaket I 12x125g", "brand": "MjAMjAM Nassfutter", "regular_price": 26.78, "selling_price": 24.99, "price_per_unit": 16.66, "breadcrumbs": "Katze > Katzenfutter > Nassfutter", "description": "Ohne Getreide Ohne Zucker Ohne Konservierungs- oder Geschmacksstoffe"}
{"url": "https://www.fressnapf.de/p/mera-kitten-huhn-400-g-1346100/", "product_name": "mera Kitten Huhn 400 g", "brand": "mera Trockenfutter", "regular_price": 0.0, "selling_price": 4.49, "price_per_unit": 0.0, "breadcrumbs": "Katze > Katzenfutter > Trockenfutter", "description": "Für ein starkes Immunsystem Ohne Zusatz von Zucker sowie künstlichen Farb-, Aroma- und Konservierungsstoffen Verpackung aus vollständig recyclebarem Kunststoff"}
{"url": "https://www.fressnapf.de/p/hills-prescription-diet-cd-multicare-urinary-care-gefluegel-12x85-g-1172578/", "product_name": "Hill's Prescription Diet c/d Multicare Urinary Care Geflügel 12x85 g", "brand": "Hill's", "regular_price": 17.15, "selling_price": 14.99, "price_per_unit": 176.35, "breadcrumbs": "PLP > VET Diäten > Katze > Urinary", "description": "Reduzierung häufiger Harnwegssymptome Kann Struvitsteine in nur 7 Tagen auflösen (durchschnittlich 27 Tage) Reduziert das Risiko für Struvit- und Calciumoxalatsteine"}
{"url": "https://www.fressnapf.de/p/sheba-mega-pack-classics-in-pastete-fisch-variation-32x85g-1379201/", "product_name": "Sheba Mega-Pack Classics in Pastete Fisch Variation 32x85g", "brand": "Sheba Nassfutter", "regular_price": 22.99, "selling_price": 16.99, "price_per_unit": 6.25, "breadcrumbs": "Katze > Katzenfutter > Nassfutter", "description": "verschiedene Sorten an hochwertiger Pastete natürliche Zutaten praktische Schalen"}
{"url": "https://www.fressnapf.de/p/happy-cat-sterilised-adult-weide-lamm-13-kg-1359693/", "product_name": "HAPPY CAT Sterilised Adult Weide-Lamm 1,3 kg", "brand": "HAPPY CAT Trockenfutter", "regular_price": 0.0, "selling_price": 9.99, "price_per_unit": 0.0, "breadcrumbs": "Katze > Katzenfutter > Trockenfutter", "description": "für kastrierte und sterilisierte Katzen unterstützt die Gelenke für sensible Katzen"}
{"url": "https://www.fressnapf.de/p/multifit-its-me-granny-senior-24x85-g-1346045/", "product_name": "MultiFit It's me Granny Senior 24x85 g", "brand": "MultiFit Nassfutter", "regular_price": 0.0, "selling_price": 18.96, "price_per_unit": 0.0, "breadcrumbs": "Katze > Katzenfutter > Nassfutter", "description": "Typgerechtes Alleinfuttermittel für normal aktive, ältere Katzen ab 8 Jahren Angepasster Proteingehalt Ohne Zusatz von Zucker, künstlichen Farbstoffen und Konservierungsmitteln"}
{"url": "https://www.fressnapf.de/p/hills-prescription-diet-kd--mobility-feline-mit-huhn-12x85-g-1247831/", "product_name": "Hill's Prescription Diet k/d + Mobility Feline mit Huhn 12x85 g", "brand": "Hill's", "regular_price": 18.85, "selling_price": 16.99, "price_per_unit": 16.66, "breadcrumbs": "PLP > VET Diäten > Katze > Nierendiät", "description": "Klinische Ernährung zur Unterstützung der Beweglichkeit und Lebensqualität bei Katzen Kontrollierter Phosphor- und geringer Natriumgehalt zur Unterstützung der Nieren- und Herzfunktion Unterstützt in nur 28 Tagen die Fähigkeit Ihrer Katze, zu laufen, zu klettern und zu springen"}
{"url": "https://www.fressnapf.de/p/catz-finefood-nassfutter-katze-classic-kitten-no-3-gefluegel-16x85-g-1367183/", "product_name": "Catz finefood Nassfutter Katze Classic Kitten No. 3 Geflügel 16x85 g", "brand": "Catz finefood Nassfutter", "regular_price": 0.0, "selling_price": 14.99, "price_per_unit": 0.0, "breadcrumbs": "Katze > Katzenfutter > Nassfutter", "description": "100% offen deklariert Über 90% Fleisch, Innereien und Kochsud Ohne Soja und Getreide"}
{"url": "https://www.fressnapf.de/p/iams-multi-cat-adult-huhnlachs-15-kg-1128315001/", "product_name": "IAMS Multi-Cat Adult Huhn,Lachs 15 kg", "brand": "IAMS Trockenfutter", "regular_price": 0.0, "selling_price": 29.04, "price_per_unit": 0.0, "breadcrumbs": "Katze > Katzenfutter > Trockenfutter", "description": "für Haushalte mit mehreren Katzen Präbiotika und Zuckerrübenschnitzel für eine gesunde Verdauung essentielle Nährstoffe für gesunde Gelenke"}
{"url": "https://www.fressnapf.de/p/whiskas-jumbo-pack-1-fisch-auswahl-in-gelee-80-x-85g-1410724/", "product_name": "Whiskas Jumbo Pack 1+ Fisch Auswahl in Gelee 80 x 85g", "brand": "Whiskas Nassfutter", "regular_price": 0.0, "selling_price": 29.99, "price_per_unit": 0.0, "breadcrumbs": "Katze > Katzenfutter > Nassfutter", "description": "deckt alle täglichen Bedürfnisse deiner 1+ Katze Mit hochwertigem Protein zur Unterstützung starker Muskeln Vitamin C zur Unterstützung der natürlichen Abwehrkräfte"}
{"url": "https://www.fressnapf.de/p/mera-finest-fit-sterilized-4kg-1288740006/", "product_name": "mera Finest Fit Sterilized 4kg", "brand": "mera Trockenfutter", "regular_price": 0.0, "selling_price": 23.99, "price_per_unit": 0.0, "breadcrumbs": "Katze > Katzenfutter > Trockenfutter", "description": "Rezeptur ohne Weizen mit viel frischem Geflügelfleisch niedriger Fettgehalt"}
{"url": "https://www.fressnapf.de/p/kattovit-urinary-kalb-12x85g-1348208/", "product_name": "KATTOVIT Urinary Kalb 12x85g", "brand": "KATTOVIT", "regular_price": 10.68, "selling_price": 9.49, "price_per_unit": 9.3, "breadcrumbs": "PLP > VET Diäten > Katze > Urinary", "description": "Zur Vorbeugung von Harnsteinen Hohe Verdaulichkeit Hohe Energiedichte"}
{"url": "https://www.fressnapf.de/p/purina-one-dualnature-sterilised-650g-lachs-650-g-1396351/", "product_name": "Purina ONE DualNature Sterilised 650g Lachs 650 g", "brand": "Purina ONE Trockenfutter", "regular_price": 0.0, "selling_price": 5.19, "price_per_unit": 0.0, "breadcrumbs": "Katze > Katzenfutter > Trockenfutter", "description": "Reduziert die Zahnsteinbildung um bis zu 40% Zur Aufrechterhaltung eines gesunden Stoffwechsels nach der Sterilisation Recyclebare Verpackung ohne Auswirkung auf Qualität und Geschmack"}
{"url": "https://www.fressnapf.de/p/almo-nature-kitten-24x70g-1099724/", "product_name": "Almo nature Kitten 24x70g", "brand": "Almo nature Nassfutter", "regular_price": 33.6, "selling_price": 21.49, "price_per_unit": 12.79, "breadcrumbs": "Katze > Katzenfutter > Nassfutter", "description": "Ergänzungsfuttermittel, für die speziellen Bedürfnisse von heranwachsenden Kitten GMO frei, Gluten frei, frei von jeglichen Tierversuchen Die durch die Produkte erzielten Gewinne werden durch die Fondazione Capellino zum Schutz von Katzen, Hunden und der Biodiversität eingesetzt."}
{"url": "https://www.fressnapf.de/p/felix-naturally-delicious-6x180g-huhn-mit-katzenminze-1350557/", "product_name": "Felix Naturally Delicious 6x180g Huhn mit Katzenminze", "brand": "Felix Snacks", "regular_price": 22.74, "selling_price": 18.99, "price_per_unit": 17.58, "breadcrumbs": "Katze > Katzenfutter > Snacks", "description": "100% leckerer Knabberspaß Mit hochwertigen Zutaten Ideal als Belohnung oder Snack für Zwischendurch"}
{"url": "https://www.fressnapf.de/p/royal-canin-sensory-taste-in-gelee-fuer-waehlerische-katzen-12x85g-1368002/", "product_name": "ROYAL CANIN SENSORY Taste in Gelee für wählerische Katzen 12x85g", "brand": "ROYAL CANIN Nassfutter", "regular_price": 18.8, "selling_price": 15.49, "price_per_unit": 15.19, "breadcrumbs": "Katze > Katzenfutter > Nassfutter", "description": "Regt den ausgeprägten Geschmackssinn von Katzen an Trägt dazu bei, die Sinne der Katze anzuregen und so das Fütterungserlebnis zu intensivieren Instinktive Präferenz der Katze"}
{"url": "https://www.fressnapf.de/p/royal-canin-veterinary-sensitivity-control-15-kg-1407514/", "product_name": "ROYAL CANIN Veterinary Sensitivity Control 1,5 kg", "brand": "ROYAL CANIN", "regular_price": 54.75, "selling_price": 26.49, "price_per_unit": 14.57, "breadcrumbs": "PLP > VET Diäten > Katze > Schonkost", "description": "Ausgewählte Proteinquellen EPA/DHA & Hautbarriere Gesunde Verdauung"}
{"url": "https://www.fressnapf.de/p/hills-science-plan-kitten-multipack-truthahn--huhn-12x85-g-1125552/", "product_name": "Hill's Science Plan Kitten Multipack Truthahn & Huhn 12x85 g", "brand": "Hill's Nassfutter", "regular_price": 15.99, "selling_price": 14.99, "price_per_unit": 14.7, "breadcrumbs": "Katze > Katzenfutter > Nassfutter", "description": "Hochwertige Zutaten für eine schonende & gesunde Verdauung Ausgewogene Mineralstoffe für starke Knochen und Zähne DHA aus Fischöl für eine gesunde Entwicklung des Gehirns und der Augen"}
{"url": "https://www.fressnapf.de/p/iams-vitality-senior-huhn-10kg-1042427/", "product_name": "IAMS Vitality Senior Huhn 10kg", "brand": "IAMS Trockenfutter", "regular_price": 43.59, "selling_price": 36.99, "price_per_unit": 3.7, "breadcrumbs": "Katze > Katzenfutter > Trockenfutter", "description": "für eine gesunde Verdauung Antioxidantien und Vitamin E für ein stärkeres Immunsystem für gesunde Haut und glänzendes Fell"}
{"url": "https://www.fressnapf.de/p/macs-cat-vetcare-urinary-16x100g-1367999/", "product_name": "MAC's CAT Vetcare Urinary 16x100g", "brand": "MAC's", "regular_price": 0.0, "selling_price": 18.99, "price_per_unit": 0.0, "breadcrumbs": "PLP > VET Diäten > Katze > Urinary", "description": "Unterstützt die Auflösung von Struvitsteinen Getreidefrei Für Katzen mit speziellen Bedürfnissen (Harnsteine)"}
{"url": "https://www.fressnapf.de/p/thrive-cat-premiumplus-15-kg-1223369/", "product_name": "Thrive Cat PremiumPlus 1,5 kg", "brand": "Thrive Trockenfutter", "regular_price": 0.0, "selling_price": 17.19, "price_per_unit": 0.0, "breadcrumbs": "Katze > Katzenfutter > Trockenfutter", "description": "Getreidefreie Rezeptur 90% Fleischanteil Mit Süßkartoffeln, Kartoffeln und Lachsöl"}
{"url": "https://www.fressnapf.de/p/iams-vitality-adult-huhn-3-kg-1015735/", "product_name": "IAMS Vitality Adult Huhn 3 kg", "brand": "IAMS Trockenfutter", "regular_price": 0.0, "selling_price": 13.99, "price_per_unit": 0.0, "breadcrumbs": "Katze > Katzenfutter > Trockenfutter", "description": "für gesunde Haut und glänzendes Fell Senkung des pH-Wertes im Urin für den Erhalt einer starken Muskulatur"}
{"url": "https://www.fressnapf.de/p/real-nature-wilderness-mischfuetterungs-set-adult-black-earth-300g--4x100g-multipack-1265722/", "product_name": "REAL NATURE Wilderness Mischfütterungs-Set Adult Black Earth 300g + 4x100g Multipack", "brand": "REAL NATURE Trockenfutter", "regular_price": 0.0, "selling_price": 10.48, "price_per_unit": 0.0, "breadcrumbs": "Katze > Katzenfutter > Trockenfutter", "description": "Ursprüngliche Ernährung nach dem Vorbild der Wildkatze frei von Konservierungs-, Aroma- und Farbstoffen getreidefreie Rezeptur"}
{"url": "https://www.fressnapf.de/p/gimcat-nutri-pockets-meeres-mix-2x150g-1371634/", "product_name": "GimCat Nutri Pockets Meeres Mix 2x150g", "brand": "GimCat Snacks", "regular_price": 0.0, "selling_price": 4.99, "price_per_unit": 0.0, "breadcrumbs": "Katze > Katzenfutter > Snacks", "description": "leckere Füllung für den Erhalt der Sehkraft zur Unterstützung der normalen Herzfunktion"}
{"url": "https://www.fressnapf.de/p/felix-naturally-delicious-geschmacksvielfalt-vom-land-80x80g-1396764/", "product_name": "Felix Naturally Delicious Geschmacksvielfalt vom Land 80x80g", "brand": "Felix Nassfutter", "regular_price": 0.0, "selling_price": 29.49, "price_per_unit": 0.0, "breadcrumbs": "Katze > Katzenfutter > Nassfutter", "description": "100% komplett und ausgewogen Getreidefreie Rezeptur mit ausgewählten natürlichen Zutaten Ohne künstliche Farb-, Aroma- und Konservierungsstoffe"}
{"url": "https://www.fressnapf.de/p/applaws-nassfutter-katze-adult-in-bruehe-huehnerbrust-24x70-g-1286839/", "product_name": "Applaws Nassfutter Katze Adult in Brühe Hühnerbrust 24x70 g", "brand": "Applaws Nassfutter", "regular_price": 0.0, "selling_price": 22.49, "price_per_unit": 0.0, "breadcrumbs": "Katze > Katzenfutter > Nassfutter", "description": "Ergänzugsfutter für Katzen mit 100% natürlichen Zutaten Hoher Fleisch/Fischanteil bis 75% Frei von Konservierungs-, Aroma- und Farbstoffen"}
{"url": "https://www.fressnapf.de/p/happy-cat-care-adult-light-300-g-1355212/", "product_name": "HAPPY CAT Care Adult Light 300 g", "brand": "HAPPY CAT Trockenfutter", "regular_price": 0.0, "selling_price": 3.79, "price_per_unit": 0.0, "breadcrumbs": "Katze > Katzenfutter > Trockenfutter", "description": "40% weniger Fett 81% tierisches Protein Krokettengröße M"}
{"url": "https://www.fressnapf.de/p/gimcat-expert-line-energy-paste-50-g-1338382/", "product_name": "GimCat Expert Line Energy Paste 50 g", "brand": "GimCat Ergänzungsfutter & Aufzucht", "regular_price": 0.0, "selling_price": 5.69, "price_per_unit": 0.0, "breadcrumbs": "Katze > Katzenfutter > Ergänzungsfutter & Aufzucht", "description": "verleiht Kraft und Stärke optimaler Nährstoff- und Energielieferant made in Germany"}
{"url": "https://www.fressnapf.de/p/mera-finest-fit-kitten-4kg-1288740001/", "product_name": "mera Finest Fit Kitten 4kg", "brand": "mera Trockenfutter", "regular_price": 0.0, "selling_price": 24.99, "price_per_unit": 0.0, "breadcrumbs": "Katze > Katzenfutter > Trockenfutter", "description": "Rezeptur ohne Weizen mit viel frischem Geflügelfleisch mit dem Immunschutz Colostrum"}
{"url": "https://www.fressnapf.de/p/petbalance-support-harn-ph-paste-100g-1302092/", "product_name": "PetBalance Support Harn-pH Paste 100g", "brand": "PetBalance", "regular_price": 0.0, "selling_price": 7.49, "price_per_unit": 0.0, "breadcrumbs": "PLP > VET Diäten > Katze > Urinary", "description": "enthält DL-Methionin und Cranberries zur Unterstützung des Harnapparates hochwertige und schmackhafte Paste, lässt sich auch direkt aus der Tube füttern einfach im Gebrauch"}
{"url": "https://www.fressnapf.de/p/canina-barfers-best-for-cats-180-g-1060156/", "product_name": "Canina Barfer's Best for Cats 180 g", "brand": "Canina Ergänzungsfutter & Aufzucht", "regular_price": 0.0, "selling_price": 9.99, "price_per_unit": 0.0, "breadcrumbs": "Katze > Katzenfutter > Ergänzungsfutter & Aufzucht", "description": "mit Taurin mit Calcium Vitamine und Mineralstoffe natürlichen Ursprungs"}
{"url": "https://www.fressnapf.de/p/perfect-fit-natural-vitality-adult-1-sparpaket-6x650g-huhn--truthahn-1353570/", "product_name": "PERFECT FIT Natural Vitality Adult +1 Sparpaket 6x650g Huhn & Truthahn", "brand": "PERFECT FIT Trockenfutter", "regular_price": 23.94, "selling_price": 23.49, "price_per_unit": 6.02, "breadcrumbs": "Katze > Katzenfutter > Trockenfutter", "description": "70% tierisches Protein Mehr Vitalität: nähr- und vitalstoffreiche Rezeptur Vollwertige Zusammensetzung: mit Tierärzten und Ernährungswissenschaftlern entwickelt"}
{"url": "https://www.fressnapf.de/p/purina-one-dualnature-adult-huhn-650-g-1652833/", "product_name": "Purina ONE DualNature Adult Huhn 650 g", "brand": "Purina ONE Trockenfutter", "regular_price": 0.0, "selling_price": 4.69, "price_per_unit": 0.0, "breadcrumbs": "Katze > Katzenfutter > Trockenfutter", "description": "Reduziert die Zahnsteinbildung um bis zu 40% Rezeptur zur Unterstützung gesunder Haut und glänzendem Fell Recyclebare Verpackung ohne Auswirkung auf Qualität und Geschmack"}
{"url": "https://www.fressnapf.de/p/animonda-milkies-adult-selection-multipack-6x120g-1364656/", "product_name": "animonda Milkies Adult Selection Multipack 6x120g", "brand": "animonda Snacks", "regular_price": 22.14, "selling_price": 19.99, "price_per_unit": 27.76, "breadcrumbs": "Katze > Katzenfutter > Snacks", "description": "Besonderer Knusper-Snack < 1,5 kcal/Stück ohne Getreide"}
{"url": "https://www.fressnapf.de/p/almo-nature-hfc-24x150g-huehnerschenkel-1343342/", "product_name": "Almo nature HFC 24x150g Hühnerschenkel", "brand": "Almo nature Nassfutter", "regular_price": 56.4, "selling_price": 42.99, "price_per_unit": 11.94, "breadcrumbs": "Katze > Katzenfutter > Nassfutter", "description": "Hochwertige und naturbelassene Rohstoffe Zertifizierte Herkunft der Inhaltsstoffe Glutenfrei"}
{"url": "https://www.fressnapf.de/p/applaws-nassfutter-kitten-in-gelee-thunfisch-24x70-g-1286838/", "product_name": "Applaws Nassfutter Kitten in Gelee Thunfisch 24x70 g", "brand": "Applaws Nassfutter", "regular_price": 0.0, "selling_price": 26.49, "price_per_unit": 0.0, "breadcrumbs": "Katze > Katzenfutter > Nassfutter", "description": "Ergänzugsfutter für junge Kätzchen mit 100% natürlichen Zutaten Hoher Fleisch/Fischanteil bis 53% Frei von Konservierungs-, Aroma- und Farbstoffen"}
{"url": "https://www.fressnapf.de/p/animonda-carny-kitten-gefluegel-cocktail-12x400-g-1417318/", "product_name": "animonda Carny Kitten Geflügel Cocktail 12x400 g", "brand": "animonda Nassfutter", "regular_price": 28.2, "selling_price": 17.84, "price_per_unit": 3.72, "breadcrumbs": "Katze > Katzenfutter > Nassfutter", "description": "speziell für Katzenkinder im ersten Jahr kleine, zarte Stückchen 100 % frische, fleischliche Zutaten"}
{"url": "https://www.fressnapf.de/p/sanabelle-6x400g-rind--huhn-1367182/", "product_name": "Sanabelle 6x400g Rind & Huhn", "brand": "Sanabelle Nassfutter", "regular_price": 15.54, "selling_price": 13.49, "price_per_unit": 5.62, "breadcrumbs": "Katze > Katzenfutter > Nassfutter", "description": "wertvolle und qualitativ hochwertige Zutaten getreidefrei mit erlesenem Leinöl für Haut und Fell"}
{"url": "https://www.fressnapf.de/p/animonda-carny-kitten-huhn-350-g-1395926/", "product_name": "animonda Carny Kitten Huhn 350 g", "brand": "animonda Trockenfutter", "regular_price": 3.99, "selling_price": 3.22, "price_per_unit": 9.2, "breadcrumbs": "Katze > Katzenfutter > Trockenfutter", "description": "65 % Fleisch und tierische Zutaten mit 35 % frischem Hühnerfleisch 0 % Getreide in der Rezeptur"}
{"url": "https://www.fressnapf.de/p/bozita-pat-6x400g-rind-1391453/", "product_name": "BOZITA Paté 6x400g Rind", "brand": "BOZITA Nassfutter", "regular_price": 0.0, "selling_price": 10.29, "price_per_unit": 0.0, "breadcrumbs": "Katze > Katzenfutter > Nassfutter", "description": "100% tierisches Protein Getreidefrei Kein Zucker, Soja und Farbstoff zugesetzt"}
{"url": "https://www.fressnapf.de/p/happy-cat-sterilised-adult-atlantik-lachs-13-kg-1355202/", "product_name": "HAPPY CAT Sterilised Adult Atlantik Lachs 1,3 kg", "brand": "HAPPY CAT Trockenfutter", "regular_price": 0.0, "selling_price": 10.79, "price_per_unit": 0.0, "breadcrumbs": "Katze > Katzenfutter > Trockenfutter", "description": "für aktive Katzen kastrierte & sterilisierte Katzen optimal für Haut & Fell"}
{"url": "https://www.fressnapf.de/p/whiskas-multipack-1-fisch-auswahl-in-gelee-12-x-85g-1412417/", "product_name": "Whiskas Multipack 1+ Fisch Auswahl in Gelee 12 x 85g", "brand": "Whiskas Nassfutter", "regular_price": 0.0, "selling_price": 4.99, "price_per_unit": 0.0, "breadcrumbs": "Katze > Katzenfutter > Nassfutter", "description": "deckt alle täglichen Bedürfnisse deiner 1+ Katze Mit hochwertigem Protein zur Unterstützung starker Muskeln Vitamin C zur Unterstützung der natürlichen Abwehrkräfte"}
{"url": "https://www.fressnapf.de/p/macs-vetcare-nierendiaet-renal-16x100g-huhn-1367997/", "product_name": "MAC's Vetcare Nierendiät Renal 16x100g Huhn", "brand": "MAC's", "regular_price": 0.0, "selling_price": 18.99, "price_per_unit": 0.0, "breadcrumbs": "PLP > VET Diäten > Katze > Nierendiät", "description": "Entlastung der Nieren Für Katzen mit speziellen Bedürfnissen (Niereninsuffizienz) Getreidefrei"}
{"url": "https://www.fressnapf.de/p/animonda-vom-feinsten-adult-saucen-vielfalt-32-x-100-g-1388508/", "product_name": "animonda Vom Feinsten Adult Saucen Vielfalt 32 x 100 g", "brand": "animonda Nassfutter", "regular_price": 0.0, "selling_price": 22.08, "price_per_unit": 0.0, "breadcrumbs": "Katze > Katzenfutter > Nassfutter", "description": "einzigartiger Genuss zarte Stückchen in delikater Sauce mit ausgewählten, fleischlichen Zutaten"}
{"url": "https://www.fressnapf.de/p/royal-canin-veterinary-early-renal-12x85g-1342253/", "product_name": "ROYAL CANIN Veterinary EARLY RENAL 12x85g", "brand": "ROYAL CANIN", "regular_price": 14.52, "selling_price": 14.49, "price_per_unit": 14.21, "breadcrumbs": "PLP > VET Diäten > Katze > Nierendiät", "description": "Frühe Unterstützung der Nierenfunktion Gesundes Altern Unterstützung der Verdauung"}
{"url": "https://www.fressnapf.de/p/royal-canin-sensory-feel-in-gelee-fuer-waehlerische-katzen-12x85g-1368000/", "product_name": "ROYAL CANIN SENSORY Feel in Gelee für wählerische Katzen 12x85g", "brand": "ROYAL CANIN Nassfutter", "regular_price": 18.8, "selling_price": 17.59, "price_per_unit": 17.25, "breadcrumbs": "Katze > Katzenfutter > Nassfutter", "description": "Die besondere Textur regt das Mundgefühl von Katzen an Trägt dazu bei, die Sinne der Katze anzuregen und so das Fütterungserlebnis zu intensivieren Instinktive Präferenz der Katze"}
{"url": "https://www.fressnapf.de/p/whiskas-special-pack-1-klassische-auswahl-in-gelee-60-x-85g-1410722/", "product_name": "Whiskas Special Pack 1+ Klassische Auswahl in Gelee 60 x 85g", "brand": "Whiskas Nassfutter", "regular_price": 0.0, "selling_price": 27.99, "price_per_unit": 0.0, "breadcrumbs": "Katze > Katzenfutter > Nassfutter", "description": "deckt alle täglichen Bedürfnisse deiner 1+ Katze Mit hochwertigem Protein zur Unterstützung starker Muskeln Vitamin C zur Unterstützung der natürlichen Abwehrkräfte"}
{"url": "https://www.fressnapf.de/p/animonda-carny-kitten-baby-pat-12x200-g-1417312/", "product_name": "animonda Carny Kitten Baby-Paté 12x200 g", "brand": "animonda Nassfutter", "regular_price": 18.6, "selling_price": 10.19, "price_per_unit": 4.25, "breadcrumbs": "Katze > Katzenfutter > Nassfutter", "description": "optimale Anfangsnahrung ab 4. Woche zart-cremige Konsistenz 100 % frische, fleischliche Zutaten"}
{"url": "https://www.fressnapf.de/p/mera-finest-fit-sensitive-stomach-15-kg-1287500007/", "product_name": "mera Finest Fit Sensitive Stomach 1,5 kg", "brand": "mera Trockenfutter", "regular_price": 0.0, "selling_price": 9.99, "price_per_unit": 0.0, "breadcrumbs": "Katze > Katzenfutter > Trockenfutter", "description": "Rezeptur ohne Weizen mit viel frischem Geflügelfleisch mit dem Immunschutz Colostrum"}
{"url": "https://www.fressnapf.de/p/thrive-mixpaket-1267090/", "product_name": "Thrive Mixpaket", "brand": "Thrive Trockenfutter", "regular_price": 0.0, "selling_price": 49.99, "price_per_unit": 0.0, "breadcrumbs": "Katze > Katzenfutter > Trockenfutter", "description": "getreidefreie Rezeptur 90% Fleischanteil oder 70% Fischanteil mit Süßkartoffeln, Kartoffeln und Lachsöl"}
{"url": "https://www.fressnapf.de/p/delibest-soft-meaty-4x100g-huhn-1293405/", "product_name": "DeliBest Soft Meaty 4x100g Huhn", "brand": "DeliBest Snacks", "regular_price": 0.0, "selling_price": 11.12, "price_per_unit": 0.0, "breadcrumbs": "Katze > Katzenfutter > Snacks", "description": "aus hochwertigem Schweizer Rind oder Huhn kalt geformt geeignet für Futtermittelallergiker"}
{"url": "https://www.fressnapf.de/p/mera-sensitive-adult-sensitiv-insect-400-g-1346215/", "product_name": "mera Sensitive Adult Sensitiv Insect 400 g", "brand": "mera Trockenfutter", "regular_price": 0.0, "selling_price": 4.99, "price_per_unit": 0.0, "breadcrumbs": "Katze > Katzenfutter > Trockenfutter", "description": "Trockenfutter artgerechtes Alleinfutter nachhaltige Produktion"}
{"url": "https://www.fressnapf.de/p/happy-cat-culinary-adult-land-gefluegel-13-kg-1355199/", "product_name": "HAPPY CAT Culinary Adult Land Geflügel 1,3 kg", "brand": "HAPPY CAT Trockenfutter", "regular_price": 0.0, "selling_price": 7.59, "price_per_unit": 0.0, "breadcrumbs": "Katze > Katzenfutter > Trockenfutter", "description": "unterstützt die Zahnpflege 85% tierisches Protein Krokettengröße XL"}
{"url": "https://www.fressnapf.de/p/animonda-integra-protect-intestinal-300g-1247268/", "product_name": "animonda Integra Protect Intestinal 300g", "brand": "animonda", "regular_price": 0.0, "selling_price": 2.19, "price_per_unit": 0.0, "breadcrumbs": "PLP > VET Diäten > Katze > Schonkost", "description": "Bei akutem Durchfall Hoch verdaulich Harn-ph 6,5-6,8"}
{"url": "https://www.fressnapf.de/p/whiskas-pure-delight-multipack-klassisches-ragout-in-gelee-12-x-85g-1412436/", "product_name": "Whiskas Pure Delight Multipack Klassisches Ragout in Gelee 12 x 85g", "brand": "Whiskas Nassfutter", "regular_price": 0.0, "selling_price": 4.99, "price_per_unit": 0.0, "breadcrumbs": "Katze > Katzenfutter > Nassfutter", "description": "hochwertige Proteine, ohne künstliche Farb- oder Konservierungsstoffe schonend gegarte & gedämpfte zarte Stückchen Enthält wichtige Nährstoffe, Vitamine und Mineralstoffe"}
{"url": "https://www.fressnapf.de/p/animonda-integra-protect-adult-harnsteine-24x85g-huhn-1378468/", "product_name": "animonda Integra Protect® Adult Harnsteine 24x85g Huhn", "brand": "animonda Nassfutter", "regular_price": 18.96, "selling_price": 16.99, "price_per_unit": 8.33, "breadcrumbs": "Katze > Katzenfutter > Nassfutter", "description": "Harn-pH-Wert < 6,5 beugt der erneuten Bildung von Struvitsteinen vor mit harnansäuerndem DL-Methionin und Calciumsulfat"}
{"url": "https://www.fressnapf.de/p/almo-nature-daily-menu-24x400g-kaninchen-1297953/", "product_name": "Almo nature Daily Menu 24x400g Kaninchen", "brand": "Almo nature Nassfutter", "regular_price": 38.16, "selling_price": 35.99, "price_per_unit": 3.75, "breadcrumbs": "Katze > Katzenfutter > Nassfutter", "description": "Premium Zutaten in pet food Qualität, in einer völlig natürlichen Rezeptur getreidefrei komplett frei von Konservierungsstoffen oder Farbstoffen"}
{"url": "https://www.fressnapf.de/p/royal-canin-mother--babycat-mousse-12x195-g-1127724/", "product_name": "ROYAL CANIN Mother & Babycat Mousse 12x195 g", "brand": "ROYAL CANIN Nassfutter", "regular_price": 44.4, "selling_price": 32.84, "price_per_unit": 14.03, "breadcrumbs": "Katze > Katzenfutter > Nassfutter", "description": "Erleichterter Übergang von Muttermilch zu fester Nahrung. Unterstützt wissenschaftlich nachgewiesen die Entwicklung der körpereigenen Abwehrkräfte von Katzenwelpen. Unterstützt die Gehirnentwicklung und fördert eine gesunde Sehkraft bei Katzenwelpen."}
{"url": "https://www.fressnapf.de/p/kittys-cuisine-adult-2kg300g-1265761/", "product_name": "Kitty's Cuisine Adult 2kg+300g", "brand": "Kitty's Cuisine Trockenfutter", "regular_price": 0.0, "selling_price": 27.78, "price_per_unit": 0.0, "breadcrumbs": "Katze > Katzenfutter > Trockenfutter", "description": "Hoher Anteil tierischer Rohstoffe von mind. 66% Mit mind. 25% Frischfleischanteil Mit besonderen Zutaten wie z.B. Granatapfel & Acai-Beeren, Sanddorn & Spirulina oder Spinat & Chia-Samen"}
{"url": "https://www.fressnapf.de/p/sheba-seasons-collection-wechselnde-sorten-22x85-g-1390777/", "product_name": "Sheba Seasons Collection wechselnde Sorten 22x85 g", "brand": "Sheba Nassfutter", "regular_price": 0.0, "selling_price": 14.99, "price_per_unit": 0.0, "breadcrumbs": "Katze > Katzenfutter > Nassfutter", "description": "Wechselnde Sorte Beispielsweise mit Huhn und Spargel oder mit Lamm und Frühlingsgemüse, ohne die Möglichkeit einer vorherigen Auswahl Das hochwertige SHEBA® Katzennassfutter für ausgewachsene Katzen bietet deiner Samtpfote täglich eine komplette und ausgewogene Ernährung Katzennassfutter in köstlicher Sauce, hergestellt mit natürlichen und hochwertigen Zutaten und ohne künstliche Farb- oder Konservierungsstoffe"}
{"url": "https://www.fressnapf.de/p/royal-canin-sensory-smell-in-gelee-fuer-waehlerische-katzen-12x85g-1368001/", "product_name": "ROYAL CANIN SENSORY Smell in Gelee für wählerische Katzen 12x85g", "brand": "ROYAL CANIN Nassfutter", "regular_price": 18.8, "selling_price": 17.59, "price_per_unit": 17.25, "breadcrumbs": "Katze > Katzenfutter > Nassfutter", "description": "Regt den ausgeprägten Geruchsinn von Katzen an Trägt dazu bei, die Sinne der Katze anzuregen und so das Fütterungserlebnis zu intensivieren Instinktive Präferenz der Katze"}
{"url": "https://www.fressnapf.de/p/macs-vetcare-weight-control-huhn-16x100g-1367996/", "product_name": "MAC's Vetcare Weight Control Huhn 16x100g", "brand": "MAC's", "regular_price": 0.0, "selling_price": 18.99, "price_per_unit": 0.0, "breadcrumbs": "PLP > VET Diäten > Katze > Übergewicht", "description": "Für übergewichtige Katzen Schonkost Geringer Fettgehalt"}
{"url": "https://www.fressnapf.de/p/hills-science-plan-adult-perfect-weight-mit-huhn-25-kg-1322208/", "product_name": "Hill's Science Plan Adult Perfect Weight mit Huhn 2,5 kg", "brand": "Hill's Trockenfutter", "regular_price": 33.99, "selling_price": 27.49, "price_per_unit": 11.0, "breadcrumbs": "Katze > Katzenfutter > Trockenfutter", "description": "Zur effektiven Gewichtsreduktion Für eine schonende und gesunde Verdauung Mit wertvollem Taurin"}
{"url": "https://www.fressnapf.de/p/purina-one-bifensis-sterilcat-huhn-57-kg-1410726/", "product_name": "Purina ONE BIFENSIS Sterilcat Huhn 5,7 kg", "brand": "Purina ONE Trockenfutter", "regular_price": 25.99, "selling_price": 24.99, "price_per_unit": 4.38, "breadcrumbs": "Katze > Katzenfutter > Trockenfutter", "description": "Zur Aufrechterhaltung eines gesunden Stoffwechsels nach der Sterilisation Rezeptur mit ausgewogenen Mineralstoffgehalt für gesunde Harnwege Omega-6-Fettsäuren und Zink unterstützen eine gesunde Haut und ein glänzendes Fell"}
{"url": "https://www.fressnapf.de/p/whiskas-multipack-1-gefluegel-auswahl-in-sauce-24-x-85g-1412422/", "product_name": "Whiskas Multipack 1+ Geflügel Auswahl in Sauce 24 x 85g", "brand": "Whiskas Nassfutter", "regular_price": 0.0, "selling_price": 8.79, "price_per_unit": 0.0, "breadcrumbs": "Katze > Katzenfutter > Nassfutter", "description": "deckt alle täglichen Bedürfnisse deiner 1+ Katze Mit hochwertigem Protein zur Unterstützung starker Muskeln Vitamin C zur Unterstützung der natürlichen Abwehrkräfte"}
{"url": "https://www.fressnapf.de/p/real-nature-senior-huhn--rind-mit-hanfoel-6x200-g-1380893/", "product_name": "REAL NATURE Senior Huhn & Rind mit Hanföl 6x200 g", "brand": "REAL NATURE Nassfutter", "regular_price": 0.0, "selling_price": 9.54, "price_per_unit": 0.0, "breadcrumbs": "Katze > Katzenfutter > Nassfutter", "description": "Ohne Zusatz von Zucker, Soja, Farb- und Aromastoffen oder Emulgatoren Mit Omega-6 + Taurin"}
{"url": "https://www.fressnapf.de/p/bettys-landhauskueche-gefluegel-pur--taurin-6-x-200g-fuer-katze-1390352/", "product_name": "Betty's Landhausküche Geflügel pur & Taurin 6 x 200g für Katze", "brand": "Betty's Landhausküche Nassfutter", "regular_price": 0.0, "selling_price": 13.74, "price_per_unit": 0.0, "breadcrumbs": "Katze > Katzenfutter > Nassfutter", "description": "ohne Zusatz von Farb-, Geschmacks- und Konservierungsstoffen, hohe Bioverfügbarkeit beste Qualität, für alle Katzenrassen geeignet kann ein schönes und gesundes Fell unterstützend, für sensible Tiere geeignet reich an Omega -6-Fettsäurenschonend gegart, gesunder Stoffwechsel dank Taurin, hergestellt in Deutschland"}
{"url": "https://www.fressnapf.de/p/select-gold-british-shorthair-adult-gefluegel--lachs-300-g-1407030/", "product_name": "SELECT GOLD British Shorthair Adult Geflügel & Lachs 300 g", "brand": "SELECT GOLD Trockenfutter", "regular_price": 0.0, "selling_price": 4.79, "price_per_unit": 0.0, "breadcrumbs": "Katze > Katzenfutter > Trockenfutter", "description": "Mit Hühnerfrischfleisch Optimale Nahrungsaufnahme Weizenfreie Rezeptur"}
{"url": "https://www.fressnapf.de/p/hills-prescription-diet-yd-15-kg-1156160/", "product_name": "Hill's Prescription Diet y/d 1,5 kg", "brand": "Hill's", "regular_price": 22.2, "selling_price": 20.99, "price_per_unit": 13.99, "breadcrumbs": "PLP > VET Diäten > Katze > Leber & Schilddrüse", "description": "Unterstützt die Schilddrüsenfrunktion und die Nieren- und Herzgesundheit Hoher L-Carnitin-Gehalt, um schlanke Muskelmasse zu erhalten Reduzierter Phosphor- und Natriumgehalt; mit Omega-3-Fettsäuren aus Fischöl"}
{"url": "https://www.fressnapf.de/p/animonda-vom-feinsten-adult-feinschmecker-vielfalt-32-x-100-g-1388509/", "product_name": "animonda Vom Feinsten Adult Feinschmecker Vielfalt 32 x 100 g", "brand": "animonda Nassfutter", "regular_price": 0.0, "selling_price": 22.08, "price_per_unit": 0.0, "breadcrumbs": "Katze > Katzenfutter > Nassfutter", "description": "einzigartiger Genuss fein-stückige Pasteten mit Schlemmerkern mit ausgewählten, fleischlichen Zutaten"}
{"url": "https://www.fressnapf.de/p/hills-prescription-diet-cd-multicare-stress--metabolic-15-kg-1346037/", "product_name": "Hill's Prescription Diet c/d Multicare Stress + Metabolic 1,5 kg", "brand": "Hill's", "regular_price": 22.75, "selling_price": 20.99, "price_per_unit": 13.99, "breadcrumbs": "PLP > VET Diäten > Katze > Übergewicht", "description": "Enthält L-Tryptophan und Milchproteinhydrolysat für das emotionale Gleichgewicht Zur Auflösung von Struvitsteinen, zur Verringerung von Struvitsteinrezidiven Der kontrollierte Mineralstoffgehalt fördert einen angestrebten Urin-pH-Wert"}
{"url": "https://www.fressnapf.de/p/hills-science-plan-sterilised-adult-ente-3-kg-1338408/", "product_name": "Hill's Science Plan Sterilised Adult Ente 3 kg", "brand": "Hill's Trockenfutter", "regular_price": 38.49, "selling_price": 29.49, "price_per_unit": 9.83, "breadcrumbs": "Katze > Katzenfutter > Trockenfutter", "description": "Einzigartige Gewichtsmanagement-Formel hilft kastrierten Katzen, schlank zu bleiben Kontrollierter Mineralstoffgehalt für ein gesundes Harnwegssystem Mit L-Carnitin, um Ihre Katze schlank und fit zu halten"}
{"url": "https://www.fressnapf.de/p/mera-cats-senior-rind-400-g-1361629/", "product_name": "mera Cats Senior Rind 400 g", "brand": "mera Trockenfutter", "regular_price": 0.0, "selling_price": 4.49, "price_per_unit": 0.0, "breadcrumbs": "Katze > Katzenfutter > Trockenfutter", "description": "Mit Senior Schutzkonzept & nierenschonend Ohne Zusatz von Zucker sowie künstlichen Farb-, Aroma- und Konservierungsstoffen Verpackung aus vollständig recyclebarem Kunststoff"}
{"url": "https://www.fressnapf.de/p/animonda-integra-protect-adult-nieren-24x85g-huhn-pur-1377229/", "product_name": "animonda Integra Protect® Adult Nieren 24x85g Huhn pur", "brand": "animonda Nassfutter", "regular_price": 18.96, "selling_price": 17.59, "price_per_unit": 8.62, "breadcrumbs": "Katze > Katzenfutter > Nassfutter", "description": "bei chronischer Niereninsuffizienz phosphorreduziert eiweißreduziert"}
{"url": "https://www.fressnapf.de/p/kittys-cuisine-junior-huhnliebe-300-g-1332089/", "product_name": "Kitty's Cuisine Junior Huhnliebe 300 g", "brand": "Kitty's Cuisine Trockenfutter", "regular_price": 0.0, "selling_price": 2.87, "price_per_unit": 0.0, "breadcrumbs": "Katze > Katzenfutter > Trockenfutter", "description": "Hoher Anteil tierischer Rohstoffe und Frischfleischanteil Getreidefreie Rezeptur Hergestellt in Deutschland"}
{"url": "https://www.fressnapf.de/p/lilys-kitchen-nassfutter-katze-adult-tasty-cuts-in-sauce-huhn-24x85-g-1361925/", "product_name": "LILY'S KITCHEN Nassfutter Katze Adult Tasty Cuts in Sauce Huhn 24x85 g", "brand": "LILY'S KITCHEN Nassfutter", "regular_price": 0.0, "selling_price": 25.99, "price_per_unit": 0.0, "breadcrumbs": "Katze > Katzenfutter > Nassfutter", "description": "Vollwertig, ausgewogen und getreidefrei Hergestellt mit echtem Fleisch und Fisch ohne Zuckerzusatz Leckere Stücke in reichhaltiger Soße"}
{"url": "https://www.fressnapf.de/p/premiere-adult-mischfuetterung-set-2tlg-1315798/", "product_name": "PREMIERE Adult Mischfütterung Set 2tlg.", "brand": "PREMIERE Nassfutter", "regular_price": 0.0, "selling_price": 32.93, "price_per_unit": 0.0, "breadcrumbs": "Katze > Katzenfutter > Nassfutter", "description": "Hoher Anteil an tierischem Protein Ohne Soja- oder Zuckerersatz Getreidefreie Rezeptur - ideal für ernährungssensible Katzen"}
{"url": "https://www.fressnapf.de/p/select-gold-babycat--mother-pastete-huhn-12x85-g-1367186/", "product_name": "SELECT GOLD Babycat & Mother Pastete Huhn 12x85 g", "brand": "SELECT GOLD Nassfutter", "regular_price": 0.0, "selling_price": 20.28, "price_per_unit": 0.0, "breadcrumbs": "Katze > Katzenfutter > Nassfutter", "description": "Optimale Wachstumsversorgung Stärkt die Abwehrkräfte Getreidefreie Rezeptur"}
{"url": "https://www.fressnapf.de/p/cats-love-bio-nassfutter-katze-adult-multipack-2x3-sorten-1373985/", "product_name": "CAT'S LOVE Bio Nassfutter Katze Adult Multipack 2x3 Sorten", "brand": "CAT'S LOVE Nassfutter", "regular_price": 0.0, "selling_price": 9.99, "price_per_unit": 0.0, "breadcrumbs": "Katze > Katzenfutter > Nassfutter", "description": "100% BIO Qualität aller Rohstoffe Extrahoher Fleischanteil Ohne Zuckerzusatz & Getreide hergestellt"}
{"url": "https://www.fressnapf.de/p/animonda-vom-feinsten-senior-vielfalt-fuer-aeltere-katzen-32-x-100-g-1388531/", "product_name": "animonda Vom Feinsten Senior Vielfalt für ältere Katzen 32 x 100 g", "brand": "animonda Nassfutter", "regular_price": 0.0, "selling_price": 22.08, "price_per_unit": 0.0, "breadcrumbs": "Katze > Katzenfutter > Nassfutter", "description": "einzigartiger Genuss für ältere Katzen ab 7 Jahren fein-stückige Pasteten"}
{"url": "https://www.fressnapf.de/p/gourmet-purina-perle-genuss-in-gelee-26x85g-huhn-1397943/", "product_name": "GOURMET PURINA Perle Genuss in Gelee 26x85g Huhn", "brand": "GOURMET Nassfutter", "regular_price": 16.9, "selling_price": 15.99, "price_per_unit": 7.24, "breadcrumbs": "Katze > Katzenfutter > Nassfutter", "description": "Mit einer großzügigen Portion Gelée Hergestellt mit qualitativ hochwertigen Zutaten Ohne zugesetzte Farbstoffe oder künstliche Aroma- und Konservierungsstoffe"}
{"url": "https://www.fressnapf.de/p/bozita-haeppchen-in-gelee-12x85g-rind-1391445/", "product_name": "BOZITA Häppchen in Gelee 12x85g Rind", "brand": "BOZITA Nassfutter", "regular_price": 0.0, "selling_price": 13.79, "price_per_unit": 0.0, "breadcrumbs": "Katze > Katzenfutter > Nassfutter", "description": "Getreidefrei 100% mit erneuerbaren Energien und schwedischen Zutaten produziert Kein Zucker, keine Farbstoffe, keine Konservierungsstoffe"}
{"url": "https://www.fressnapf.de/p/sanabelle-mixpaket-sensitive-1267088/", "product_name": "Sanabelle Mixpaket Sensitive", "brand": "Sanabelle Trockenfutter", "regular_price": 0.0, "selling_price": 47.49, "price_per_unit": 0.0, "breadcrumbs": "Katze > Katzenfutter > Trockenfutter", "description": "Für ernährungssensible Katzen Mit natürlichen Zutaten u.a. Preiselbeeren, Blaubeeren, Ringelblumenblüten Ideale Kombination von Vitaminen und Spurenelementen"}
{"url": "https://www.fressnapf.de/p/animonda-integra-protect-adult-urinary-struvitstein-huhn-6x100-g-1385229/", "product_name": "animonda Integra Protect Adult Urinary Struvitstein Huhn 6x100 g", "brand": "animonda", "regular_price": 8.1, "selling_price": 7.79, "price_per_unit": 12.98, "breadcrumbs": "PLP > VET Diäten > Katze > Urinary", "description": "beugt der erneuten Bildung von Struvitsteinen vor Harn-pH-Wert < 6,5 mit harnansäuerndem DL-Methionin und Calciumsulfat"}
{"url": "https://www.fressnapf.de/p/animonda-integra-protect-adult-urinary-oxalstein-rind-6x100-g-1385230/", "product_name": "animonda Integra Protect Adult Urinary Oxalstein Rind 6x100 g", "brand": "animonda", "regular_price": 8.1, "selling_price": 7.79, "price_per_unit": 12.98, "breadcrumbs": "PLP > VET Diäten > Katze > Urinary", "description": "verringert die Bildung von Oxalsteinen Harn-pH 6,7 aufeinander abgestimmter Mineralstoffgehalt"}
{"url": "https://www.fressnapf.de/p/whiskas-tasty-mix-special-pack-chefs-choice-in-sauce-60-x-85g-1410719/", "product_name": "Whiskas Tasty Mix Special Pack Chef's Choice in Sauce 60 x 85g", "brand": "Whiskas Nassfutter", "regular_price": 0.0, "selling_price": 27.99, "price_per_unit": 0.0, "breadcrumbs": "Katze > Katzenfutter > Nassfutter", "description": "Leckere Geschmackskombinationen in einer köstlichen Mischung Enthält wichtige Nährstoffe, Vitamine und Mineralstoffe Mit vier aufregenden Rezepturen"}
{"url": "https://www.fressnapf.de/p/hills-prescription-diet-md-15-kg-1154451/", "product_name": "Hill's Prescription Diet m/d 1,5 kg", "brand": "Hill's", "regular_price": 22.4, "selling_price": 21.99, "price_per_unit": 14.66, "breadcrumbs": "PLP > VET Diäten > Katze > Diabetes", "description": "Der Protein- und Kohlenhydratgehalt hilft, den Blutzuckerspiegel zu regulieren Hoher L-Carnitin-Gehalt, um schlanke Muskelmasse zu erhalten Zum Gewichtsmanagement und der effektiven Abnahme bei übergewichtigen Katzen"}
{"url": "https://www.fressnapf.de/p/animonda-vom-feinsten-adult-mousse-vielfalt-12x85-g-1386290/", "product_name": "animonda vom Feinsten Adult Mousse-Vielfalt 12x85 g", "brand": "animonda Nassfutter", "regular_price": 9.48, "selling_price": 7.79, "price_per_unit": 7.64, "breadcrumbs": "Katze > Katzenfutter > Nassfutter", "description": "zarte Mousse-Konsistenz einzigartiger Genuss mit ausgewählten, fleischlichen Zutaten"}
{"url": "https://www.fressnapf.de/p/hills-prescription-diet-cd-urinary-stress--metabolic-mit-huhn-12x85-g-1368350/", "product_name": "Hill's Prescription Diet c/d Urinary Stress + Metabolic mit Huhn 12x85 g", "brand": "Hill's", "regular_price": 17.9, "selling_price": 15.49, "price_per_unit": 15.19, "breadcrumbs": "PLP > VET Diäten > Katze > Urinary", "description": "Mit zugefügtem L-Tryptophan & Milchproteinhydrolysat zur Förderung des emotionalen Gleichgewichts Reduziert das Gewicht klinisch erwiesen in 60 Tagen um 11 % Kontrollierter Magnesium-, Kalzium- und Phosphorgehalt zur Reduzierung der Bausteine von Harnkristallen und Harnsteinen"}
{"url": "https://www.fressnapf.de/p/catz-finefood-nassfutter-katze-bio-adult-no-503-huhn-6x200-g-1297093/", "product_name": "Catz finefood Nassfutter Katze Bio Adult No. 503 Huhn 6x200 g", "brand": "Catz finefood Nassfutter", "regular_price": 0.0, "selling_price": 13.49, "price_per_unit": 0.0, "breadcrumbs": "Katze > Katzenfutter > Nassfutter", "description": "kein Getreide keine Verwendung von Formfleisch kein Zusatz von Zucker, Farb- oder Aromastoffen"}
{"url": "https://www.fressnapf.de/p/pro-plan-sterilized-nutrisavour-26x85g-huhn-1361777/", "product_name": "PRO PLAN Sterilized Nutrisavour 26x85g Huhn", "brand": "PRO PLAN Nassfutter", "regular_price": 30.94, "selling_price": 29.99, "price_per_unit": 13.57, "breadcrumbs": "Katze > Katzenfutter > Nassfutter", "description": "Geeignet für sterilisierte oder kastrierte Katzen Enthält Antioxidantien zur Stärkung der natürlichen Abwehrkräfte Hilft, die Harnwegsgesundheit von kastrierten Katzen zu erhalten"}
{"url": "https://www.fressnapf.de/p/grau-hokamix-skin--shine-250ml-1024490/", "product_name": "GRAU Hokamix Skin & Shine 250ml", "brand": "GRAU Ergänzungsfutter & Aufzucht", "regular_price": 0.0, "selling_price": 26.99, "price_per_unit": 0.0, "breadcrumbs": "Hund > Hundefutter > Ergänzungsfutter & Aufzucht", "description": "kalt gepresstes Öl aus afrikanischen und amerikanischen Nüssen bei Ekzemen, Lederhaut u. massivem Haarausfall"}
{"url": "https://www.fressnapf.de/p/trixie-trockenfisch-fuer-katzen-6x50g-1320839/", "product_name": "Trixie Trockenfisch für Katzen 6x50g", "brand": "Trixie Snacks", "regular_price": 0.0, "selling_price": 12.99, "price_per_unit": 0.0, "breadcrumbs": "Katze > Katzenfutter > Snacks", "description": "Anchovis hochwertiges, natürliches Eiweiß"}
{"url": "https://www.fressnapf.de/p/pro-plan-delicate-nutrisavour-26x85g-hochseefisch-1361776/", "product_name": "PRO PLAN Delicate Nutrisavour 26x85g Hochseefisch", "brand": "PRO PLAN Nassfutter", "regular_price": 30.94, "selling_price": 29.99, "price_per_unit": 13.57, "breadcrumbs": "Katze > Katzenfutter > Nassfutter", "description": "Nassfutter in Sauce für empfindliche Katzen Sehr hohe Verdaulichkeit dank hochwertiger Zutaten Zur Reduzierung von Hautreaktionen aufgrund von Futterunverträglichkeit"}
{"url": "https://www.fressnapf.de/p/nd-farmina-ocean-adult-hering-mit-kuerbis-300-g-1301636/", "product_name": "N&D Farmina Ocean Adult Hering mit Kürbis 300 g", "brand": "N&D Farmina Trockenfutter", "regular_price": 0.0, "selling_price": 7.49, "price_per_unit": 0.0, "breadcrumbs": "Katze > Katzenfutter > Trockenfutter", "description": "Niedriger glykämischer Index Ohne künstliche Konservierungsstoffe \"Cold Infusion\" Technologie"}
{"url": "https://www.fressnapf.de/p/trixie-premio-tuna-rolls-6x50g-1366916/", "product_name": "Trixie Premio Tuna Rolls 6x50g", "brand": "Trixie Snacks", "regular_price": 0.0, "selling_price": 11.49, "price_per_unit": 0.0, "breadcrumbs": "Katze > Katzenfutter > Snacks", "description": "mit Thunfisch und Huhn Fischgehalt 53 %, Fleischgehalt 30 %"}
{"url": "https://www.fressnapf.de/p/lucky-lou-nassfutter-katze-adult-tasty-mixpaket-6x200-g-wild-mix-1416641/", "product_name": "Lucky Lou Nassfutter Katze Adult Tasty Mixpaket 6x200 g Wild-Mix", "brand": "Lucky Lou Nassfutter", "regular_price": 0.0, "selling_price": 10.49, "price_per_unit": 0.0, "breadcrumbs": "Katze > Katzenfutter > Nassfutter", "description": "Super bekömmliche Rezeptur Viel Fleisch, Innereien & Sud Made in Germany"}
{"url": "https://www.fressnapf.de/p/orijen-tundra-340-g-1261002/", "product_name": "Orijen Tundra 340 g", "brand": "Orijen Trockenfutter", "regular_price": 0.0, "selling_price": 7.49, "price_per_unit": 0.0, "breadcrumbs": "Katze > Katzenfutter > Trockenfutter", "description": "Proteinreiches Trockenfutter 2/3 Frischfleischanteil Getreidefreie Rezeptur"}
{"url": "https://www.fressnapf.de/p/premiere-adult-mischfuetterung-set-2tlg1-1315797/", "product_name": "PREMIERE Adult Mischfütterung Set 2tlg.1", "brand": "PREMIERE Nassfutter", "regular_price": 0.0, "selling_price": 34.93, "price_per_unit": 0.0, "breadcrumbs": "Katze > Katzenfutter > Nassfutter", "description": "Hoher Anteil an tierischem Protein Ohne Soja- oder Zuckerersatz Getreidefreie Rezeptur - ideal für ernährungssensible Katzen"}
{"url": "https://www.fressnapf.de/p/trixie-cookies-mit-lachs-u-catnip-6x50g-1376265/", "product_name": "Trixie Cookies mit Lachs u. Catnip 6x50g", "brand": "Trixie Snacks", "regular_price": 0.0, "selling_price": 6.49, "price_per_unit": 0.0, "breadcrumbs": "Katze > Katzenfutter > Snacks", "description": "mit Lachs und Katzenminze optimal für Samtpfoten"}
{"url": "https://www.fressnapf.de/p/liebesgut-biokost-junior-12x100g-1278172/", "product_name": "LIEBESGUT Biokost Junior 12x100g", "brand": "LIEBESGUT Nassfutter", "regular_price": 0.0, "selling_price": 17.49, "price_per_unit": 0.0, "breadcrumbs": "Katze > Katzenfutter > Nassfutter", "description": "Extrem hoher Fleischanteil, besteht aus 95% Bio-Fleisch um den Energiebedarf junger Kätzchen zu decken Glutenfrei, Zuckerfrei, Weizenfrei, keine synthetischen Lockstoffe, Farb- und Konservierungsstoffe Single Protein aus hochwertigen Bio-Fleisch für ein gesundes Wachstum"}
{"url": "https://www.fressnapf.de/p/bettys-landhauskueche-frischebeutel-mit-kaenguru-12-x-100g-fuer-katze-1390360/", "product_name": "Betty's Landhausküche Frischebeutel mit Känguru 12 x 100g für Katze", "brand": "Betty's Landhausküche Nassfutter", "regular_price": 0.0, "selling_price": 20.28, "price_per_unit": 0.0, "breadcrumbs": "Katze > Katzenfutter > Nassfutter", "description": "ohne Zusatz von Farb-, Geschmacks- und Konservierungsstoffen, hohe Bioverfügbarkeit beste Qualität, für alle Katzenrassen geeignet kann ein schönes und gesundes Fell unterstützend, für sensible Tiere geeignet mit Borretschöl, reich an Omega -6-Fettsäurenschonend gegart, gesunder Stoffwechsel dank Taurin, hergestellt in Deutschland"}
{"url": "https://www.fressnapf.de/p/schesir-kitten-thunfisch-6x85-g-1390492/", "product_name": "Schesir Kitten Thunfisch 6x85 g", "brand": "Schesir Nassfutter", "regular_price": 0.0, "selling_price": 9.69, "price_per_unit": 0.0, "breadcrumbs": "Katze > Katzenfutter > Nassfutter", "description": "100% natürliche Inhaltsstoffe Ohne Zusatz von Konservierungs- oder Farbstoffen im praktischen 85g-Beutelformat"}
{"url": "https://www.fressnapf.de/p/schesir-natural-24x140g-thunfisch-1294790/", "product_name": "Schesir Natural 24x140g Thunfisch", "brand": "Schesir Nassfutter", "regular_price": 0.0, "selling_price": 29.99, "price_per_unit": 0.0, "breadcrumbs": "Katze > Katzenfutter > Nassfutter", "description": "100% natürliche Inhaltsstoffe nur die besten Teile von Fisch und Fleisch ohne zusätzliche Farb- und Konservierungsstoffe"}
{"url": "https://www.fressnapf.de/p/perfect-fit-sensitive-1-mit-truthahn-7-kg-1407965/", "product_name": "PERFECT FIT Sensitive 1+ mit Truthahn 7 kg", "brand": "PERFECT FIT Trockenfutter", "regular_price": 32.99, "selling_price": 28.49, "price_per_unit": 4.07, "breadcrumbs": "Katze > Katzenfutter > Trockenfutter", "description": "Für Katzen mit empfindlichen Mägen (1+) Unterstützt die ganzheitliche Gesundheit des Körpers Total-5-Formel bietet fünffachen Rundumschutz"}
{"url": "https://www.fressnapf.de/p/cats-love-nassfutter-katze-senior-in-gelee-ente-12x85-g-1391449/", "product_name": "CAT'S LOVE Nassfutter Katze Senior in Gelee Ente 12x85 g", "brand": "CAT'S LOVE Nassfutter", "regular_price": 0.0, "selling_price": 14.29, "price_per_unit": 0.0, "breadcrumbs": "Katze > Katzenfutter > Nassfutter", "description": "100% Premium Qualität aus natürlichen Zutaten Hoher Fleischanteil von 71% Getreidefrei"}
{"url": "https://www.fressnapf.de/p/animonda-vom-feinsten-adult-lachs--gefluegel-12x85-g-1386493/", "product_name": "animonda vom Feinsten Adult Lachs & Geflügel 12x85 g", "brand": "animonda Nassfutter", "regular_price": 9.48, "selling_price": 7.79, "price_per_unit": 7.64, "breadcrumbs": "Katze > Katzenfutter > Nassfutter", "description": "Zarte Mousse-Konsistenz Einzigartiger Genuss Mit ausgewählten, fleischlichen Zutaten"}
{"url": "https://www.fressnapf.de/p/nd-farmina-prime-adult-lamm-300-g-1233954/", "product_name": "N&D Farmina Prime Adult Lamm 300 g", "brand": "N&D Farmina Trockenfutter", "regular_price": 0.0, "selling_price": 7.49, "price_per_unit": 0.0, "breadcrumbs": "Katze > Katzenfutter > Trockenfutter", "description": "Niedriger glykämischer Index Nur natürliche Antioxidantien 98% Protein tierischen Ursprungs"}
{"url": "https://www.fressnapf.de/p/josicat-huhn-in-gelee-12x400g-1372831/", "product_name": "JosiCat Huhn in Gelee 12x400g", "brand": "JosiCat Nassfutter", "regular_price": 0.0, "selling_price": 13.99, "price_per_unit": 0.0, "breadcrumbs": "Katze > Katzenfutter > Nassfutter", "description": "Getreidefrei Mit Vitamin E und Vitamin D3 Ohne Zusatz von Zucker, Soja, Milchprodukten, Farb- und Aromastoffen sowie Konservierungsmitteln"}
{"url": "https://www.fressnapf.de/p/schesir-20-x-85g-thunfisch--huhn-1371639/", "product_name": "Schesir 20 x 85g Thunfisch & Huhn", "brand": "Schesir Nassfutter", "regular_price": 0.0, "selling_price": 24.99, "price_per_unit": 0.0, "breadcrumbs": "Katze > Katzenfutter > Nassfutter", "description": "Huhn als Hauptzutat mit einem schmackhaften Wolfsbarsch-Topping, 100% natürliche Inhaltsstoffe, gedünstet und handverarbeitet Ohne Zusatz von Konservierungs- oder Farbstoffen, cruelty free im praktischen 85g-Beutelformat, in der perfekten Portion, ohne Verschwendung in der Schüssel"}
{"url": "https://www.fressnapf.de/p/canina-moortraenke-250ml-1264166/", "product_name": "Canina Moortränke 250ml", "brand": "Canina Ergänzungsfutter & Aufzucht", "regular_price": 0.0, "selling_price": 13.49, "price_per_unit": 0.0, "breadcrumbs": "Katze > Katzenfutter > Ergänzungsfutter & Aufzucht", "description": "bei Irritationen des Magen-Darm-Traktes aus naturbelassenem Moor ohne Zusatzstoffe und ohne Konservierungsmittel"}
{"url": "https://www.fressnapf.de/p/macs-nassfutter-katze-adult-huhn-pur-16x100-g-1362276/", "product_name": "MAC's Nassfutter Katze Adult Huhn pur 16x100 g", "brand": "MAC's Nassfutter", "regular_price": 0.0, "selling_price": 16.29, "price_per_unit": 0.0, "breadcrumbs": "Katze > Katzenfutter > Nassfutter", "description": "Hoher Fleischanteil von 70% Getreidefrei Ohne Zugabe von künstlichen Farb-, Aroma- und Konservierungsstoffen"}
{"url": "https://www.fressnapf.de/p/real-nature-wilderness-adult-mischfuetterung-set-2tlg-1315789/", "product_name": "REAL NATURE WILDERNESS Adult Mischfütterung-Set 2tlg.", "brand": "REAL NATURE Nassfutter", "regular_price": 0.0, "selling_price": 46.13, "price_per_unit": 0.0, "breadcrumbs": "Katze > Katzenfutter > Nassfutter", "description": "Ursprüngliche Ernährung nach dem Vorbild der Wildkatze frei von Konservierungs-, Aroma- und Farbstoffen getreidefreie Rezeptur"}
{"url": "https://www.fressnapf.de/p/sheba-multipack-giant-pack-delikatesse-in-gelee-gefluegel-variation-80x85-g-1418548/", "product_name": "Sheba Multipack Giant-Pack Delikatesse in Gelee Geflügel Variation 80x85 g", "brand": "Sheba Nassfutter", "regular_price": 44.99, "selling_price": 41.99, "price_per_unit": 6.18, "breadcrumbs": "Katze > Katzenfutter > Nassfutter", "description": "Katzennassfutter in zart schmelzendem Gelee, hergestellt mit natürlichen und hochwertigen Zutaten Das hochwertige SHEBA® Katzennassfutter für ausgewachsene Katzen bietet deiner Samtpfote täglich eine komplette und ausgewogene Ernährung Ohne künstliche Farb- oder Konservierungsstoffe"}
{"url": "https://www.fressnapf.de/p/cats-love-bio-nassfutter-katze-junior-in-gelee-gefluegel-6x100-g-1391412/", "product_name": "CAT'S LOVE Bio Nassfutter Katze Junior in Gelee Geflügel 6x100 g", "brand": "CAT'S LOVE Nassfutter", "regular_price": 0.0, "selling_price": 10.49, "price_per_unit": 0.0, "breadcrumbs": "Katze > Katzenfutter > Nassfutter", "description": "100% BIO hoher Fleischanteil von 71% getreidefrei"}
{"url": "https://www.fressnapf.de/p/animonda-vom-feinsten-adult-feinschmecker-milchkern-variation-32x100g-1388507/", "product_name": "animonda Vom Feinsten Adult Feinschmecker Milchkern-Variation 32x100g", "brand": "animonda Nassfutter", "regular_price": 0.0, "selling_price": 22.08, "price_per_unit": 0.0, "breadcrumbs": "Katze > Katzenfutter > Nassfutter", "description": "fein-stückige Pastete mit Kern mit ausgewählten, fleischlichen Zutaten ohne Getreide"}
{"url": "https://www.fressnapf.de/p/bettys-landhauskueche-mit-kaenguru--kartoffel-6-x-200g-fuer-katze-1390355/", "product_name": "Betty's Landhausküche mit Känguru & Kartoffel 6 x 200g für Katze", "brand": "Betty's Landhausküche Nassfutter", "regular_price": 0.0, "selling_price": 13.74, "price_per_unit": 0.0, "breadcrumbs": "Katze > Katzenfutter > Nassfutter", "description": "ohne Zusatz von Farb-, Geschmacks- und Konservierungsstoffen, hohe Bioverfügbarkeit beste Qualität, für alle Katzenrassen geeignet kann ein schönes und gesundes Fell unterstützend, für sensible Tiere geeignet reich an Omega -6-Fettsäurenschonend gegart, gesunder Stoffwechsel dank Taurin, hergestellt in Deutschland"}
{"url": "https://www.fressnapf.de/p/bettys-landhauskueche-gefluegel-pur--taurin-6-x-400g-fuer-katze-1390363/", "product_name": "Betty's Landhausküche Geflügel pur & Taurin 6 x 400g für Katze", "brand": "Betty's Landhausküche Nassfutter", "regular_price": 0.0, "selling_price": 19.74, "price_per_unit": 0.0, "breadcrumbs": "Katze > Katzenfutter > Nassfutter", "description": "ohne Zusatz von Farb-, Geschmacks- und Konservierungsstoffen, hohe Bioverfügbarkeit beste Qualität, für alle Katzenrassen geeignet kann ein schönes und gesundes Fell unterstützend, für sensible Tiere geeignet reich an Omega -6-Fettsäurenschonend gegart, gesunder Stoffwechsel dank Taurin, hergestellt in Deutschland"}
{"url": "https://www.fressnapf.de/p/real-nature-wilderness-gefriergetrocknete-krill-6x20g-1346693/", "product_name": "REAL NATURE WILDERNESS Gefriergetrocknete Krill 6x20g", "brand": "REAL NATURE Snacks", "regular_price": 0.0, "selling_price": 22.14, "price_per_unit": 0.0, "breadcrumbs": "Katze > Katzenfutter > Snacks", "description": "schonend gefriergetrocknet 100% antarktischer Krill ohne Zusatz von künstlichen Konservierungsmitteln, Farb- und Aromastoffen"}
{"url": "https://www.fressnapf.de/p/bettys-landhauskueche-huhn--fasan-mit-borretschoel-6-x-200g-fuer-katze-1390375/", "product_name": "Betty's Landhausküche Huhn & Fasan mit Borretschöl 6 x 200g für Katze", "brand": "Betty's Landhausküche Nassfutter", "regular_price": 0.0, "selling_price": 13.74, "price_per_unit": 0.0, "breadcrumbs": "Katze > Katzenfutter > Nassfutter", "description": "ohne Zusatz von Farb-, Geschmacks- und Konservierungsstoffen, hohe Bioverfügbarkeit beste Qualität, für alle Katzenrassen geeignet kann ein schönes und gesundes Fell unterstützend, für sensible Tiere geeignet mit Borretschöl, reich an Omega -6-Fettsäurenschonend gegart, gesunder Stoffwechsel dank Taurin, hergestellt in Deutschland"}
{"url": "https://www.fressnapf.de/p/kattovit-aufbaukur-huhn-24x85g-1371224/", "product_name": "KATTOVIT Aufbaukur Huhn 24x85g", "brand": "KATTOVIT", "regular_price": 18.96, "selling_price": 17.49, "price_per_unit": 8.57, "breadcrumbs": "PLP > VET Diäten > Katze > Aufbau & Rekonvaleszenz", "description": "Hoher Energiegehalt in einer leicht verdaulichen Zusammensetzung Hohe Konzentrationen wichtiger Nährstoffe Leichtverdauliche Ausgangserzeugnisse"}
{"url": "https://www.fressnapf.de/p/bettys-landhauskueche-frischebeutel-gefluegel-pur-12-x-100g-fuer-katze-1390358/", "product_name": "Betty's Landhausküche Frischebeutel Geflügel pur 12 x 100g für Katze", "brand": "Betty's Landhausküche Nassfutter", "regular_price": 0.0, "selling_price": 19.08, "price_per_unit": 0.0, "breadcrumbs": "Katze > Katzenfutter > Nassfutter", "description": "ohne Zusatz von Farb-, Geschmacks- und Konservierungsstoffen, hohe Bioverfügbarkeit beste Qualität, für alle Katzenrassen geeignet kann ein schönes und gesundes Fell unterstützend, für sensible Tiere geeignet mit Borretschöl, reich an Omega -6-Fettsäurenschonend gegart, gesunder Stoffwechsel dank Taurin, hergestellt in Deutschland"}
{"url": "https://www.fressnapf.de/p/edgard--cooper-adult-pat-multipack-8x85g-1396224/", "product_name": "Edgard & Cooper Adult Paté Multipack 8x85g", "brand": "Edgard & Cooper Nassfutter", "regular_price": 0.0, "selling_price": 8.49, "price_per_unit": 0.0, "breadcrumbs": "Katze > Katzenfutter > Nassfutter", "description": "Viel frisches Fleisch & nahrhafte Innereien 0% Zuckerzusatz Kein Junkfood"}
{"url": "https://www.fressnapf.de/p/liebesgut-biokost-junior-6x200g-1278173/", "product_name": "LIEBESGUT Biokost Junior 6x200g", "brand": "LIEBESGUT Nassfutter", "regular_price": 0.0, "selling_price": 16.49, "price_per_unit": 0.0, "breadcrumbs": "Katze > Katzenfutter > Nassfutter", "description": "Extrem hoher Fleischanteil, besteht aus 95% Bio-Fleisch um den Energiebedarf junger Kätzchen zu decken Glutenfrei, Zuckerfrei, Weizenfrei, keine synthetischen Lockstoffe, Farb- und Konservierungsstoffe Single Protein aus hochwertigen Bio-Fleisch für ein gesundes Wachstum"}
{"url": "https://www.fressnapf.de/p/mera-all-cats-adult-12x85g-rind-1361919/", "product_name": "mera All Cats Adult 12x85g Rind", "brand": "mera Nassfutter", "regular_price": 0.0, "selling_price": 15.79, "price_per_unit": 0.0, "breadcrumbs": "Katze > Katzenfutter > Nassfutter", "description": "Zartes Filet-Fleisch in Gelee Mit Tierwohl-Huhn Made in Germany"}
{"url": "https://www.fressnapf.de/p/applaws-nassfutter-katze-adult-in-bruehe-thunfischfilet-24x156-g-1286846/", "product_name": "Applaws Nassfutter Katze Adult in Brühe Thunfischfilet 24x156 g", "brand": "Applaws Nassfutter", "regular_price": 0.0, "selling_price": 47.49, "price_per_unit": 0.0, "breadcrumbs": "Katze > Katzenfutter > Nassfutter", "description": "Ergänzugsfutter für Katzen mit 100% natürlichen Zutaten Hoher Fleisch/Fischanteil bis 75% Frei von Konservierungs-, Aroma- und Farbstoffen"}
{"url": "https://www.fressnapf.de/p/liebesgut-biokost-adult-12x100g-bio-rind-mit-karotte-und-amaranth-1278163/", "product_name": "LIEBESGUT Biokost Adult 12x100g Bio Rind mit Karotte und Amaranth", "brand": "LIEBESGUT Nassfutter", "regular_price": 0.0, "selling_price": 17.49, "price_per_unit": 0.0, "breadcrumbs": "Katze > Katzenfutter > Nassfutter", "description": "Extrem hoher Fleischanteil, besteht aus 95% Bio-Fleisch mit Bio-Gemüse Glutenfrei, Zuckerfrei, Weizenfrei, keine synthetischen Lockstoffe, Farb- und Konservierungsstoffe Single Protein aus hochwertigen Bio-Fleisch um allergische Reaktionen zu vermeiden"}
{"url": "https://www.fressnapf.de/p/beaphar-cat-nip-bits-150g-1039527/", "product_name": "Beaphar Cat-Nip Bits 150g", "brand": "Beaphar Snacks", "regular_price": 0.0, "selling_price": 3.99, "price_per_unit": 0.0, "breadcrumbs": "Katze > Katzenfutter > Snacks", "description": "Vitaminreich Mit leckerer Catnip-Füllung"}
{"url": "https://www.fressnapf.de/p/hills-prescription-diet-sd-15-kg-1153390/", "product_name": "Hill's Prescription Diet s/d 1,5 kg", "brand": "Hill's", "regular_price": 21.85, "selling_price": 19.99, "price_per_unit": 13.33, "breadcrumbs": "PLP > VET Diäten > Katze > Urinary", "description": "Erhöht die Löslichkeit von Struvitkristallen und unterstützt deren Auflösung Minimiert die Urinkonzentration von Bausteinen zur Struvitbildung Fördert einen angestrebten Urin-pH-Wert mit niedrigem Magnesium- und Phosphorgehalt"}
{"url": "https://www.fressnapf.de/p/almo-nature-almo-adult-sterilized-300g-kabeljau-1349131/", "product_name": "Almo nature ALMO Adult Sterilized 300g Kabeljau", "brand": "Almo nature Trockenfutter", "regular_price": 5.49, "selling_price": 5.29, "price_per_unit": 17.63, "breadcrumbs": "Katze > Katzenfutter > Trockenfutter", "description": "ideal für sterilisierte Katzen für gesunde Haut und gesundes Fell mit 100% frischem Fleisch oder Fisch"}
{"url": "https://www.fressnapf.de/p/bettys-landhauskueche-mit-ente--taurin-6-x-200g-fuer-katze-1390351/", "product_name": "Betty's Landhausküche mit Ente & Taurin 6 x 200g für Katze", "brand": "Betty's Landhausküche Nassfutter", "regular_price": 0.0, "selling_price": 13.74, "price_per_unit": 0.0, "breadcrumbs": "Katze > Katzenfutter > Nassfutter", "description": "ohne Zusatz von Farb-, Geschmacks- und Konservierungsstoffen, hohe Bioverfügbarkeit beste Qualität, für alle Katzenrassen geeignet kann ein schönes und gesundes Fell unterstützend, für sensible Tiere geeignet reich an Omega -6-Fettsäurenschonend gegart, gesunder Stoffwechsel dank Taurin, hergestellt in Deutschland"}
{"url": "https://www.fressnapf.de/p/sheba-multipack-giant-pack-delikatesse-in-gelee-fisch-variation-msc-80x85g-1418547/", "product_name": "Sheba Multipack Giant-Pack Delikatesse in Gelee Fisch Variation MSC 80x85g", "brand": "Sheba Nassfutter", "regular_price": 44.99, "selling_price": 41.99, "price_per_unit": 6.18, "breadcrumbs": "Katze > Katzenfutter > Nassfutter", "description": "Katzennassfutter in zart schmelzendem Gelee, hergestellt mit natürlichen und hochwertigen Zutaten Das hochwertige SHEBA® Katzennassfutter für ausgewachsene Katzen bietet deiner Samtpfote täglich eine komplette und ausgewogene Ernährung Mit MSC-zertifiziertem Fisch aus nachhaltiger Fischerei"}
{"url": "https://www.fressnapf.de/p/lilys-kitchen-nassfutter-katze-adult-shredded-fillets-thunfisch--lachs-24x70-g-1361928/", "product_name": "LILY'S KITCHEN Nassfutter Katze Adult Shredded Fillets Thunfisch & Lachs 24x70 g", "brand": "LILY'S KITCHEN Nassfutter", "regular_price": 0.0, "selling_price": 34.99, "price_per_unit": 0.0, "breadcrumbs": "Katze > Katzenfutter > Nassfutter", "description": "Alleinfuttermittel, vollwertig und ausgewogen Hergestellt mit echtem Fleisch und Fisch Ohne Zuckerzusatz, getreidefreie Rezeptur"}
{"url": "https://www.fressnapf.de/p/bettys-landhauskueche-mit-kaenguru--kartoffel-6-x-400g-fuer-katze-1390366/", "product_name": "Betty's Landhausküche mit Känguru & Kartoffel 6 x 400g für Katze", "brand": "Betty's Landhausküche Nassfutter", "regular_price": 0.0, "selling_price": 20.34, "price_per_unit": 0.0, "breadcrumbs": "Katze > Katzenfutter > Nassfutter", "description": "ohne Zusatz von Farb-, Geschmacks- und Konservierungsstoffen, hohe Bioverfügbarkeit beste Qualität, für alle Katzenrassen geeignet kann ein schönes und gesundes Fell unterstützend, für sensible Tiere geeignet reich an Omega -6-Fettsäurenschonend gegart, gesunder Stoffwechsel dank Taurin, hergestellt in Deutschland"}
{"url": "https://www.fressnapf.de/p/bettys-landhauskueche-huhn-mit-kalb--borretschoel-200g-1390371/", "product_name": "Betty's Landhausküche Huhn mit Kalb & Borretschöl 200g", "brand": "Betty's Landhausküche Nassfutter", "regular_price": 0.0, "selling_price": 13.74, "price_per_unit": 0.0, "breadcrumbs": "Katze > Katzenfutter > Nassfutter", "description": "ohne Zusatz von Farb-, Geschmacks- und Konservierungsstoffen, hohe Bioverfügbarkeit beste Qualität, für alle Katzenrassen geeignet kann ein schönes und gesundes Fell unterstützend, für sensible Tiere geeignet mit Borretschöl, reich an Omega -6-Fettsäurenschonend gegart, gesunder Stoffwechsel dank Taurin, hergestellt in Deutschland"}
{"url": "https://www.fressnapf.de/p/select-gold-adult-mischfuetterungs-set-2tlg-1265740/", "product_name": "SELECT GOLD Adult Mischfütterungs-Set 2tlg.", "brand": "SELECT GOLD Trockenfutter", "regular_price": 0.0, "selling_price": 13.28, "price_per_unit": 0.0, "breadcrumbs": "Katze > Katzenfutter > Trockenfutter", "description": "für glänzendes Fell & geschmeidige Haut auch bei Unverträglichkeiten geeignet Durch DL-Methionin kann die Harnsteinbildung vermindert werden"}
{"url": "https://www.fressnapf.de/p/bettys-landhauskueche-huhn-mit-lachs--borretschoel-6-x-200g-fuer-katze-1390367/", "product_name": "Betty's Landhausküche Huhn mit Lachs & Borretschöl 6 x 200g für Katze", "brand": "Betty's Landhausküche Nassfutter", "regular_price": 0.0, "selling_price": 13.74, "price_per_unit": 0.0, "breadcrumbs": "Katze > Katzenfutter > Nassfutter", "description": "ohne Zusatz von Farb-, Geschmacks- und Konservierungsstoffen, hohe Bioverfügbarkeit beste Qualität, für alle Katzenrassen geeignet kann ein schönes und gesundes Fell unterstützend, für sensible Tiere geeignet mit Borretschöl, reich an Omega -6-Fettsäurenschonend gegart, gesunder Stoffwechsel dank Taurin, hergestellt in Deutschland"}
{"url": "https://www.fressnapf.de/p/bettys-landhauskueche-mit-truthahn--borretschoel-6-x-200g-fuer-katze-1390373/", "product_name": "Betty's Landhausküche mit Truthahn & Borretschöl 6 x 200g für Katze", "brand": "Betty's Landhausküche Nassfutter", "regular_price": 0.0, "selling_price": 13.74, "price_per_unit": 0.0, "breadcrumbs": "Katze > Katzenfutter > Nassfutter", "description": "ohne Zusatz von Farb-, Geschmacks- und Konservierungsstoffen, hohe Bioverfügbarkeit beste Qualität, für alle Katzenrassen geeignet kann ein schönes und gesundes Fell unterstützend, für sensible Tiere geeignet mit Borretschöl, reich an Omega -6-Fettsäurenschonend gegart, gesunder Stoffwechsel dank Taurin, hergestellt in Deutschland"}
{"url": "https://www.fressnapf.de/p/bettys-landhauskueche-huhn--fasan-mit-borretschoel-6-x-400g-fuer-katze-1390376/", "product_name": "Betty's Landhausküche Huhn & Fasan mit Borretschöl 6 x 400g für Katze", "brand": "Betty's Landhausküche Nassfutter", "regular_price": 0.0, "selling_price": 20.34, "price_per_unit": 0.0, "breadcrumbs": "Katze > Katzenfutter > Nassfutter", "description": "ohne Zusatz von Farb-, Geschmacks- und Konservierungsstoffen, hohe Bioverfügbarkeit beste Qualität, für alle Katzenrassen geeignet kann ein schönes und gesundes Fell unterstützend, für sensible Tiere geeignet mit Borretschöl, reich an Omega -6-Fettsäurenschonend gegart, gesunder Stoffwechsel dank Taurin, hergestellt in Deutschland"}
{"url": "https://www.fressnapf.de/p/mjamjam-adult-6x185g-blanchierte-pute-mit-lachs-1374489/", "product_name": "MjAMjAM Adult 6x185g Blanchierte Pute mit Lachs", "brand": "MjAMjAM Nassfutter", "regular_price": 0.0, "selling_price": 12.99, "price_per_unit": 0.0, "breadcrumbs": "Katze > Katzenfutter > Nassfutter", "description": "Ohne Bindemittel extra hoher Fleischanteil Getreidefrei"}
{"url": "https://www.fressnapf.de/p/mjamjam-adult-mixpaket-6-x-400g-mixpaket-8-1484557/", "product_name": "MjAMjAM Adult Mixpaket 6 x 400g Mixpaket 8", "brand": "MjAMjAM Nassfutter", "regular_price": 18.29, "selling_price": 17.99, "price_per_unit": 14.99, "breadcrumbs": "Katze > Katzenfutter > Nassfutter", "description": "Hoher Fleischanteil Ohne Getreide Ohne Zuckerzusatz"}
{"url": "https://www.fressnapf.de/p/real-nature-wilderness-adult-mischfuetterung-set-2tlg-1315790/", "product_name": "REAL NATURE WILDERNESS Adult Mischfütterung-Set 2tlg.", "brand": "REAL NATURE Nassfutter", "regular_price": 0.0, "selling_price": 46.13, "price_per_unit": 0.0, "breadcrumbs": "Katze > Katzenfutter > Nassfutter", "description": "Ursprüngliche Ernährung nach dem Vorbild der Wildkatze frei von Konservierungs-, Aroma- und Farbstoffen getreidefreie Rezeptur"}
{"url": "https://www.fressnapf.de/p/bettys-landhauskueche-kitten-huhn--pute-1391605/", "product_name": "Betty's Landhausküche Kitten Huhn & Pute", "brand": "Betty's Landhausküche Nassfutter", "regular_price": 0.0, "selling_price": 13.74, "price_per_unit": 0.0, "breadcrumbs": "Katze > Katzenfutter > Nassfutter", "description": "mit hochwertigem Fleisch, Lachsöl, reich an Omega-6-Fettsäuren hohe Bioverfügbarkeit, beste Qualität Gesunder Stoffwechsel dank Taurin"}
{"url": "https://www.fressnapf.de/p/royal-canin-expert-dental-15-kg-1257822/", "product_name": "ROYAL CANIN Expert Dental 1,5 kg", "brand": "ROYAL CANIN", "regular_price": 23.95, "selling_price": 23.49, "price_per_unit": 15.66, "breadcrumbs": "PLP > VET Diäten > Katze > Zähne", "description": "Kontrolle des Zahnbelags Bürsten-Effekt Haarballen-Komplex"}
{"url": "https://www.fressnapf.de/p/bettys-landhauskueche-frischebeutel-huhn-mit-lachs-12-x-100g-fuer-katze-1390361/", "product_name": "Betty's Landhausküche Frischebeutel Huhn mit Lachs 12 x 100g für Katze", "brand": "Betty's Landhausküche Nassfutter", "regular_price": 0.0, "selling_price": 19.08, "price_per_unit": 0.0, "breadcrumbs": "Katze > Katzenfutter > Nassfutter", "description": "ohne Zusatz von Farb-, Geschmacks- und Konservierungsstoffen, hohe Bioverfügbarkeit beste Qualität, für alle Katzenrassen geeignet kann ein schönes und gesundes Fell unterstützend, für sensible Tiere geeignet mit Borretschöl, reich an Omega -6-Fettsäurenschonend gegart, gesunder Stoffwechsel dank Taurin, hergestellt in Deutschland"}
{"url": "https://www.fressnapf.de/p/animonda-integra-protect-adult-renal-kalb-6x100-g-1385611/", "product_name": "animonda Integra Protect Adult Renal Kalb 6x100 g", "brand": "animonda", "regular_price": 8.1, "selling_price": 7.79, "price_per_unit": 12.98, "breadcrumbs": "PLP > VET Diäten > Katze > Nierendiät", "description": "bei chronischer Niereninsuffizienz phosphorr- & eiweißreduziert Lebenserwartung kann verlängert werden"}
{"url": "https://www.fressnapf.de/p/bettys-landhauskueche-rind--herz-6-x-200g-fuer-katze-1390353/", "product_name": "Betty's Landhausküche Rind & Herz 6 x 200g für Katze", "brand": "Betty's Landhausküche Nassfutter", "regular_price": 0.0, "selling_price": 13.74, "price_per_unit": 0.0, "breadcrumbs": "Katze > Katzenfutter > Nassfutter", "description": "ohne Zusatz von Farb-, Geschmacks- und Konservierungsstoffen, hohe Bioverfügbarkeit beste Qualität, für alle Katzenrassen geeignet kann ein schönes und gesundes Fell unterstützend, für sensible Tiere geeignet reich an Omega -6-Fettsäurenschonend gegart, gesunder Stoffwechsel dank Taurin, hergestellt in Deutschland"}
{"url": "https://www.fressnapf.de/p/purina-one-junior-kittenfutter-nass-zarte-stueckchen-in-sauce-lachs-12x4x85-g-1356454/", "product_name": "Purina ONE Junior Kittenfutter nass zarte Stückchen in Sauce Lachs 12x4x85 g", "brand": "Purina ONE Nassfutter", "regular_price": 0.0, "selling_price": 38.99, "price_per_unit": 0.0, "breadcrumbs": "Katze > Katzenfutter > Nassfutter", "description": "Mit qualitativen hochwertigen Lachs als Proteinquelle Unterstützt eine gesunde Muskel- und Knochenentwicklung Ohne Farbstoffe oder Zusatz von künstlichen Aroma- und Konservierungsstoffen"}
{"url": "https://www.fressnapf.de/p/animonda-integra-protect-adult-renal-300-g-1382793/", "product_name": "animonda Integra Protect Adult Renal 300 g", "brand": "animonda", "regular_price": 2.95, "selling_price": 2.79, "price_per_unit": 9.3, "breadcrumbs": "PLP > VET Diäten > Katze > Nierendiät", "description": "bei chronischer Niereninsuffizienz phosphorreduziert eiweißreduziert"}
{"url": "https://www.fressnapf.de/p/hills-prescription-diet-digestive-care-id-mit-huhn-und-gemuese-24x82g-1373659/", "product_name": "Hill's Prescription Diet Digestive Care i/d mit Huhn und Gemüse 24x82g", "brand": "Hill's", "regular_price": 41.55, "selling_price": 39.99, "price_per_unit": 20.32, "breadcrumbs": "PLP > VET Diäten > Katze > Schonkost", "description": "Unterstützung der Verdauung Leicht verdauliche Zusammensetzung zur Unterstützung einer besseren Nährstoffaufnahme Klinisch erprobte Ernährung"}
{"url": "https://www.fressnapf.de/p/bettys-landhauskueche-mit-ente--taurin-6-x-400g-fuer-katze-1390362/", "product_name": "Betty's Landhausküche mit Ente & Taurin 6 x 400g für Katze", "brand": "Betty's Landhausküche Nassfutter", "regular_price": 0.0, "selling_price": 20.34, "price_per_unit": 0.0, "breadcrumbs": "Katze > Katzenfutter > Nassfutter", "description": "ohne Zusatz von Farb-, Geschmacks- und Konservierungsstoffen, hohe Bioverfügbarkeit beste Qualität, für alle Katzenrassen geeignet kann ein schönes und gesundes Fell unterstützend, für sensible Tiere geeignet reich an Omega -6-Fettsäurenschonend gegart, gesunder Stoffwechsel dank Taurin, hergestellt in Deutschland"}
{"url": "https://www.fressnapf.de/p/chronobalance-lachsoel-100-ml-1409510/", "product_name": "ChronoBalance Lachsöl 100 ml", "brand": "ChronoBalance Ergänzungsfutter & Aufzucht", "regular_price": 0.0, "selling_price": 8.69, "price_per_unit": 0.0, "breadcrumbs": "Katze > Katzenfutter > Ergänzungsfutter & Aufzucht", "description": "Funktion: Die regenerierende Wirkung kann das Nerven- und Immunsystem der Katze positiv beeinflussen. Beschaffenheit: Reich an Omega-3- und -6 (besonders EPA und DHA) – beides sind essentielle Nährstoffe. Durch die regenerierende Wirkung der Fettsäuren kann sich die Nahrungsergänzung mit Lachsöl außerdem positiv auf die Abwehrkräfte, die Fellqualität und die Haut der Katze auswirken!"}
{"url": "https://www.fressnapf.de/p/bettys-landhauskueche-mit-truthahn--borretschoel-6-x-400g-fuer-katze-1390374/", "product_name": "Betty's Landhausküche mit Truthahn & Borretschöl 6 x 400g für Katze", "brand": "Betty's Landhausküche Nassfutter", "regular_price": 0.0, "selling_price": 20.34, "price_per_unit": 0.0, "breadcrumbs": "Katze > Katzenfutter > Nassfutter", "description": "ohne Zusatz von Farb-, Geschmacks- und Konservierungsstoffen, hohe Bioverfügbarkeit beste Qualität, für alle Katzenrassen geeignet kann ein schönes und gesundes Fell unterstützend, für sensible Tiere geeignet mit Borretschöl, reich an Omega -6-Fettsäurenschonend gegart, gesunder Stoffwechsel dank Taurin, hergestellt in Deutschland"}
{"url": "https://www.fressnapf.de/p/bettys-landhauskueche-frischebeutel-mit-truthahn-12-x-100g-fuer-katze-1390369/", "product_name": "Betty's Landhausküche Frischebeutel mit Truthahn 12 x 100g für Katze", "brand": "Betty's Landhausküche Nassfutter", "regular_price": 0.0, "selling_price": 20.28, "price_per_unit": 0.0, "breadcrumbs": "Katze > Katzenfutter > Nassfutter", "description": "ohne Zusatz von Farb-, Geschmacks- und Konservierungsstoffen, hohe Bioverfügbarkeit beste Qualität, für alle Katzenrassen geeignet kann ein schönes und gesundes Fell unterstützend, für sensible Tiere geeignet mit Borretschöl, reich an Omega -6-Fettsäurenschonend gegart, gesunder Stoffwechsel dank Taurin, hergestellt in Deutschland"}
{"url": "https://www.fressnapf.de/p/bettys-landhauskueche-rind-pur-mit-leinoel-6-x-400g-fuer-katze-1390365/", "product_name": "Betty's Landhausküche Rind pur mit Leinöl 6 x 400g für Katze", "brand": "Betty's Landhausküche Nassfutter", "regular_price": 0.0, "selling_price": 19.74, "price_per_unit": 0.0, "breadcrumbs": "Katze > Katzenfutter > Nassfutter", "description": "ohne Zusatz von Farb-, Geschmacks- und Konservierungsstoffen, hohe Bioverfügbarkeit beste Qualität, für alle Katzenrassen geeignet kann ein schönes und gesundes Fell unterstützend, für sensible Tiere geeignet reich an Omega -6-Fettsäurenschonend gegart, gesunder Stoffwechsel dank Taurin, hergestellt in Deutschland"}
{"url": "https://www.fressnapf.de/p/bozita-kitten-multibox-lachs-huhn-12x85g-1391218/", "product_name": "BOZITA Kitten Multibox Lachs Huhn 12x85g", "brand": "BOZITA Nassfutter", "regular_price": 0.0, "selling_price": 13.49, "price_per_unit": 0.0, "breadcrumbs": "Katze > Katzenfutter > Nassfutter", "description": "Kein Getreide, kein Zucker, keine Farbstoffe, keine Konservierungsstoffe Omega 3 unterstützt u.a. die gesunde Entwicklung des Gehirns & Sehvermögens Produziert mit 100% erneuerbarer Energie"}
{"url": "https://www.fressnapf.de/p/bettys-landhauskueche-frischebeutel-mit-ente-12-x-100g-fuer-katze-1390356/", "product_name": "Betty's Landhausküche Frischebeutel mit Ente 12 x 100g für Katze", "brand": "Betty's Landhausküche Nassfutter", "regular_price": 0.0, "selling_price": 20.28, "price_per_unit": 0.0, "breadcrumbs": "Katze > Katzenfutter > Nassfutter", "description": "ohne Zusatz von Farb-, Geschmacks- und Konservierungsstoffen, hohe Bioverfügbarkeit beste Qualität, für alle Katzenrassen geeignet kann ein schönes und gesundes Fell unterstützend, für sensible Tiere geeignet mit Borretschöl, reich an Omega -6-Fettsäurenschonend gegart, gesunder Stoffwechsel dank Taurin, hergestellt in Deutschland"}
{"url": "https://www.fressnapf.de/p/bettys-landhauskueche-kitten-huhn--rind-1391607/", "product_name": "Betty's Landhausküche Kitten Huhn & Rind", "brand": "Betty's Landhausküche Nassfutter", "regular_price": 0.0, "selling_price": 13.74, "price_per_unit": 0.0, "breadcrumbs": "Katze > Katzenfutter > Nassfutter", "description": "mit hochwertigem Fleisch, Lachsöl, reich an Omega-6-Fettsäuren hohe Bioverfügbarkeit, beste Qualität Gesunder Stoffwechsel dank Taurin"}
{"url": "https://www.fressnapf.de/p/bettys-landhauskueche-rind--herz-6-x-400g-fuer-katze-1390364/", "product_name": "Betty's Landhausküche Rind & Herz 6 x 400g für Katze", "brand": "Betty's Landhausküche Nassfutter", "regular_price": 0.0, "selling_price": 19.74, "price_per_unit": 0.0, "breadcrumbs": "Katze > Katzenfutter > Nassfutter", "description": "ohne Zusatz von Farb-, Geschmacks- und Konservierungsstoffen, hohe Bioverfügbarkeit beste Qualität, für alle Katzenrassen geeignet kann ein schönes und gesundes Fell unterstützend, für sensible Tiere geeignet reich an Omega -6-Fettsäurenschonend gegart, gesunder Stoffwechsel dank Taurin, hergestellt in Deutschland"}
{"url": "https://www.fressnapf.de/p/animonda-vom-feinsten-kitten-vielfalt-fuer-katzenkinder-32x100-g-1388510/", "product_name": "animonda Vom Feinsten Kitten Vielfalt für Katzenkinder 32x100 g", "brand": "animonda Nassfutter", "regular_price": 0.0, "selling_price": 22.08, "price_per_unit": 0.0, "breadcrumbs": "Katze > Katzenfutter > Nassfutter", "description": "Speziell für Katzenkinder im ersten Jahr Fein-stückige Pasteten Mit ausgewählten, fleischlichen Zutaten"}
{"url": "https://www.fressnapf.de/p/bettys-landhauskueche-frischebeutel-huhn-mit-kalb-100g-1389760/", "product_name": "Betty's Landhausküche Frischebeutel Huhn mit Kalb 100g", "brand": "Betty's Landhausküche Nassfutter", "regular_price": 0.0, "selling_price": 19.08, "price_per_unit": 0.0, "breadcrumbs": "Katze > Katzenfutter > Nassfutter", "description": "ohne Zusatz von Farb-, Geschmacks- und Konservierungsstoffen, hohe Bioverfügbarkeit beste Qualität, für alle Katzenrassen geeignet kann ein schönes und gesundes Fell unterstützend, für sensible Tiere geeignet mit Borretschöl, reich an Omega -6-Fettsäurenschonend gegart, gesunder Stoffwechsel dank Taurin, hergestellt in Deutschland"}
{"url": "https://www.fressnapf.de/p/real-nature-wilderness-mischfuetterungs-set-adult-black-earth-25kg--4x100g-multipack-1265726/", "product_name": "REAL NATURE Wilderness Mischfütterungs-Set Adult Black Earth 2,5kg + 4x100g Multipack", "brand": "REAL NATURE Trockenfutter", "regular_price": 0.0, "selling_price": 32.48, "price_per_unit": 0.0, "breadcrumbs": "Katze > Katzenfutter > Trockenfutter", "description": "Ursprüngliche Ernährung nach dem Vorbild der Wildkatze frei von Konservierungs-, Aroma- und Farbstoffen getreidefreie Rezeptur"}
{"url": "https://www.fressnapf.de/p/mjamjam-adult-6x380g-blanchiertes-huehnchen-mit-kuerbis-1382684/", "product_name": "MjAMjAM Adult 6x380g Blanchiertes Hühnchen mit Kürbis", "brand": "MjAMjAM Nassfutter", "regular_price": 19.14, "selling_price": 18.99, "price_per_unit": 8.33, "breadcrumbs": "Katze > Katzenfutter > Nassfutter", "description": "Ohne Bindemittel extra hoher Fleischanteil Getreidefrei"}
{"url": "https://www.fressnapf.de/p/bettys-landhauskueche-rind-pur-mit-leinoel-6-x-200g-fuer-katze-1390354/", "product_name": "Betty's Landhausküche Rind pur mit Leinöl 6 x 200g für Katze", "brand": "Betty's Landhausküche Nassfutter", "regular_price": 0.0, "selling_price": 13.74, "price_per_unit": 0.0, "breadcrumbs": "Katze > Katzenfutter > Nassfutter", "description": "ohne Zusatz von Farb-, Geschmacks- und Konservierungsstoffen, hohe Bioverfügbarkeit beste Qualität, für alle Katzenrassen geeignet kann ein schönes und gesundes Fell unterstützend, für sensible Tiere geeignet reich an Omega -6-Fettsäurenschonend gegart, gesunder Stoffwechsel dank Taurin, hergestellt in Deutschland"}
{"url": "https://www.fressnapf.de/p/bettys-landhauskueche-huhn-mit-lachs--borretschoel-6-x-400g-fuer-katze-1390368/", "product_name": "Betty's Landhausküche Huhn mit Lachs & Borretschöl 6 x 400g für Katze", "brand": "Betty's Landhausküche Nassfutter", "regular_price": 0.0, "selling_price": 19.74, "price_per_unit": 0.0, "breadcrumbs": "Katze > Katzenfutter > Nassfutter", "description": "ohne Zusatz von Farb-, Geschmacks- und Konservierungsstoffen, hohe Bioverfügbarkeit beste Qualität, für alle Katzenrassen geeignet kann ein schönes und gesundes Fell unterstützend, für sensible Tiere geeignet mit Borretschöl, reich an Omega -6-Fettsäurenschonend gegart, gesunder Stoffwechsel dank Taurin, hergestellt in Deutschland"}
{"url": "https://www.fressnapf.de/p/select-gold-pure-adult-rind-300-g-1398434/", "product_name": "SELECT GOLD Pure Adult Rind 300 g", "brand": "SELECT GOLD Trockenfutter", "regular_price": 0.0, "selling_price": 4.49, "price_per_unit": 0.0, "breadcrumbs": "Katze > Katzenfutter > Trockenfutter", "description": "Mit Frischfleisch Ideal bei Unverträglichkeiten Weizenfreie Rezeptur"}
{"url": "https://www.fressnapf.de/p/vetlife-farmina-renal-400-g-1244337/", "product_name": "VetLife Farmina Renal 400 g", "brand": "VetLife", "regular_price": 0.0, "selling_price": 8.89, "price_per_unit": 0.0, "breadcrumbs": "PLP > VET Diäten > Katze > Nierendiät", "description": "Ausschließlich natürliche Antioxidantien tocopherolreiche Extrakte Futter mit niedrigem glykämischen Index"}
{"url": "https://www.fressnapf.de/p/canina-herz-vital-100ml-1073351/", "product_name": "Canina Herz-Vital 100ml", "brand": "Canina Ergänzungsfutter & Aufzucht", "regular_price": 0.0, "selling_price": 17.99, "price_per_unit": 0.0, "breadcrumbs": "Hund > Hundefutter > Ergänzungsfutter & Aufzucht", "description": "Unterstützung der Herzfunktion bei chronischer Herzinsuffizienz mit Weißdorn und L-Carnitin"}
{"url": "https://www.fressnapf.de/p/edgard--cooper-adult-lachs-325-g-1396223/", "product_name": "Edgard & Cooper Adult Lachs 325 g", "brand": "Edgard & Cooper Trockenfutter", "regular_price": 0.0, "selling_price": 4.99, "price_per_unit": 0.0, "breadcrumbs": "Katze > Katzenfutter > Trockenfutter", "description": "Nur frisches Fleisch und Fisch Getreidefreies Rezept Kein Junkfood"}
{"url": "https://www.fressnapf.de/p/fellicita-kaninchen-pur-6x-200g-1451613/", "product_name": "Fellicita Kaninchen pur 6x 200g", "brand": "Fellicita Nassfutter", "regular_price": 0.0, "selling_price": 15.06, "price_per_unit": 0.0, "breadcrumbs": "Katze > Katzenfutter > Nassfutter", "description": "Monoprotein – Nur eine Fleischsorte Rezepturen aus tierärztlicher Feder - bedarfsgerechte Nährstoffversorgung getreidefrei, ohne künstliche Aroma-, Farb- und Konservierungsstoffe"}
{"url": "https://www.fressnapf.de/p/dr-hoelter-diardoc-pro-probiotika-pulver-50-g-1414966/", "product_name": "Dr. Hölter DiarDoc Pro Probiotika Pulver 50 g", "brand": "Dr. Hölter Ergänzungsfutter & Aufzucht", "regular_price": 0.0, "selling_price": 13.9, "price_per_unit": 0.0, "breadcrumbs": "Hund > Hundefutter > Ergänzungsfutter & Aufzucht", "description": "Probiotika als Futterzusatz für Hunde schmackhaft und leicht zu dosieren, frei von Füllstoffen oder häufigen Allergenen, getreidefrei, laktosefrei Wiederaufbau einer gesunden Darmflora für Hunde"}
{"url": "https://www.fressnapf.de/p/premiere-exotic-strips-mit-kokusnuss-12x50g-lachs-1357975/", "product_name": "PREMIERE Exotic Strips mit Kokusnuss 12x50g Lachs", "brand": "PREMIERE Snacks", "regular_price": 0.0, "selling_price": 10.14, "price_per_unit": 0.0, "breadcrumbs": "Katze > Katzenfutter > Snacks", "description": "Softe Streifen mit Kokos ohne künstliche Zusatzstoffe"}
{"url": "https://www.fressnapf.de/p/bettys-landhauskueche-frischebeutel-rind-pur-12-x-100g-fuer-katze-1390357/", "product_name": "Betty's Landhausküche Frischebeutel Rind pur 12 x 100g für Katze", "brand": "Betty's Landhausküche Nassfutter", "regular_price": 0.0, "selling_price": 19.08, "price_per_unit": 0.0, "breadcrumbs": "Katze > Katzenfutter > Nassfutter", "description": "ohne Zusatz von Farb-, Geschmacks- und Konservierungsstoffen, hohe Bioverfügbarkeit beste Qualität, für alle Katzenrassen geeignet kann ein schönes und gesundes Fell unterstützend, für sensible Tiere geeignet mit Borretschöl, reich an Omega -6-Fettsäurenschonend gegart, gesunder Stoffwechsel dank Taurin, hergestellt in Deutschland"}
{"url": "https://www.fressnapf.de/p/chronobalance-katzeneis-zum-selbermachen-3-sorten--form-1409647/", "product_name": "ChronoBalance Katzeneis zum Selbermachen 3 Sorten + Form", "brand": "ChronoBalance Snacks", "regular_price": 0.0, "selling_price": 23.72, "price_per_unit": 0.0, "breadcrumbs": "Hund > Hundefutter > Snacks", "description": "Unser Katzeneis: Leckere und frische Eismischung für Katzen – idealer Snack an heißen Tagen. Verträglichkeit: Die Eismischungen haben bei Katzen eine hohe Akzeptanz und sind gut verträglich. Zubereitung: Beutelinhalt mit 250ml Wasser vermischen – in dem Eisbecher oder einer anderen beliebigen Form für 15-20 Minuten quellen lassen – Durchfrieren lassen – Ihre Katze genießen lassen."}
{"url": "https://www.fressnapf.de/p/animonda-carny-kitten-variation-12-x-200-g-1409651/", "product_name": "animonda Carny Kitten Variation 12 x 200 g", "brand": "animonda Nassfutter", "regular_price": 0.0, "selling_price": 9.34, "price_per_unit": 0.0, "breadcrumbs": "Katze > Katzenfutter > Nassfutter", "description": "Speziell für Katzenkinder im ersten Jahr Kleine, zarte Stückchen 100 % frische, fleischliche Zutaten"}
{"url": "https://www.fressnapf.de/p/aniforte-leinoel-1-liter-1458836/", "product_name": "AniForte Leinöl 1 Liter", "brand": "AniForte Ergänzungsfutter & Aufzucht", "regular_price": 0.0, "selling_price": 17.99, "price_per_unit": 0.0, "breadcrumbs": "Hund > Hundefutter > Ergänzungsfutter & Aufzucht", "description": "Omega 3 & 6 zur Unterstützung von Haut & Fell Kann bei Entzündungsreaktionen unterstützen Kaltgepresstes Naturprodukt in Lebensmittelqualität"}
{"url": "https://www.fressnapf.de/p/bettys-landhauskueche-frischebeutel-rind--herz-12-x-100g-fuer-katze-1390359/", "product_name": "Betty's Landhausküche Frischebeutel Rind & Herz 12 x 100g für Katze", "brand": "Betty's Landhausküche Nassfutter", "regular_price": 0.0, "selling_price": 19.08, "price_per_unit": 0.0, "breadcrumbs": "Katze > Katzenfutter > Nassfutter", "description": "ohne Zusatz von Farb-, Geschmacks- und Konservierungsstoffen, hohe Bioverfügbarkeit beste Qualität, für alle Katzenrassen geeignet kann ein schönes und gesundes Fell unterstützend, für sensible Tiere geeignet mit Borretschöl, reich an Omega -6-Fettsäurenschonend gegart, gesunder Stoffwechsel dank Taurin, hergestellt in Deutschland"}
{"url": "https://www.fressnapf.de/p/animonda-carny-country-pute-rind-hirsch-32x100-g-1378732/", "product_name": "animonda Carny Country Pute Rind Hirsch 32x100 g", "brand": "animonda Nassfutter", "regular_price": 38.08, "selling_price": 24.14, "price_per_unit": 7.54, "breadcrumbs": "Katze > Katzenfutter > Nassfutter", "description": "100 % frische, fleischliche Zutaten ohne Getreide, ohne Zucker, ohne Soja"}
{"url": "https://www.fressnapf.de/p/katzenliebe-adult-12x200g-reh-1294408/", "product_name": "KatzenLiebe Adult 12x200g Reh", "brand": "KatzenLiebe Nassfutter", "regular_price": 0.0, "selling_price": 27.99, "price_per_unit": 0.0, "breadcrumbs": "Katze > Katzenfutter > Nassfutter", "description": "Fleischanteil 90% Bio-zertifiziert Konsequenter Verzicht auf Zusatzstoffe"}
{"url": "https://www.fressnapf.de/p/real-nature-wilderness-mischfuetterungs-set-adult-true-country-25kg--4x100g-multipack-1265727/", "product_name": "REAL NATURE Wilderness Mischfütterungs-Set Adult True Country 2,5kg + 4x100g Multipack", "brand": "REAL NATURE Trockenfutter", "regular_price": 0.0, "selling_price": 32.48, "price_per_unit": 0.0, "breadcrumbs": "Katze > Katzenfutter > Trockenfutter", "description": "Ursprüngliche Ernährung nach dem Vorbild der Wildkatze frei von Konservierungs-, Aroma- und Farbstoffen getreidefreie Rezeptur"}
{"url": "https://www.fressnapf.de/p/fellicita-huhn-pur-6x-200g-1451608/", "product_name": "Fellicita Huhn pur 6x 200g", "brand": "Fellicita Nassfutter", "regular_price": 0.0, "selling_price": 12.54, "price_per_unit": 0.0, "breadcrumbs": "Katze > Katzenfutter > Nassfutter", "description": "Monoprotein – Nur eine Fleischsorte Rezepturen aus tierärztlicher Feder - bedarfsgerechte Nährstoffversorgung getreidefrei, ohne künstliche Aroma-, Farb- und Konservierungsstoffe"}
{"url": "https://www.fressnapf.de/p/bettys-landhauskueche-huhn-mit-kalb--borretschoel-400g-1390372/", "product_name": "Betty's Landhausküche Huhn mit Kalb & Borretschöl 400g", "brand": "Betty's Landhausküche Nassfutter", "regular_price": 0.0, "selling_price": 19.74, "price_per_unit": 0.0, "breadcrumbs": "Katze > Katzenfutter > Nassfutter", "description": "ohne Zusatz von Farb-, Geschmacks- und Konservierungsstoffen, hohe Bioverfügbarkeit beste Qualität, für alle Katzenrassen geeignet kann ein schönes und gesundes Fell unterstützend, für sensible Tiere geeignet mit Borretschöl, reich an Omega -6-Fettsäurenschonend gegart, gesunder Stoffwechsel dank Taurin, hergestellt in Deutschland"}
{"url": "https://www.fressnapf.de/p/bubimex-katzengras-100g-1208412/", "product_name": "Bubimex Katzengras 100g", "brand": "Bubimex Snacks", "regular_price": 0.0, "selling_price": 3.09, "price_per_unit": 0.0, "breadcrumbs": "Katze > Katzenfutter > Snacks", "description": "natürlich"}
{"url": "https://www.fressnapf.de/p/moments-snack-cream-7x100g-huhn--jakobsmuschel-1407061/", "product_name": "MOMENTS Snack Cream 7x100g Huhn & Jakobsmuschel", "brand": "MOMENTS Snacks", "regular_price": 0.0, "selling_price": 17.43, "price_per_unit": 0.0, "breadcrumbs": "Katze > Katzenfutter > Snacks", "description": "Mit praktischem Drehverschluss In zwei köstlichen Geschmacksrichtungen erhältlich Ohne Zucker und Farbstoffe"}
{"url": "https://www.fressnapf.de/p/chronobalance-omega-3-oel-100-ml-1409508/", "product_name": "ChronoBalance Omega-3 Öl 100 ml", "brand": "ChronoBalance Ergänzungsfutter & Aufzucht", "regular_price": 0.0, "selling_price": 9.99, "price_per_unit": 0.0, "breadcrumbs": "Katze > Katzenfutter > Ergänzungsfutter & Aufzucht", "description": "Funktion: Omega-3 kann das Nervensystem, den Bewegungsapparat, das Herz und die Haut unterstützen. Beschaffenheit: Das Omega-3-Öl versorgt Katzen mit diesem essentiellen Nährstoff (insb. EPA und DHA)."}
{"url": "https://www.fressnapf.de/p/bettys-landhauskueche-kitten-huhn--pute-12x100-g-1391604/", "product_name": "Betty's Landhausküche Kitten Huhn & Pute 12x100 g", "brand": "Betty's Landhausküche Nassfutter", "regular_price": 0.0, "selling_price": 20.28, "price_per_unit": 0.0, "breadcrumbs": "Katze > Katzenfutter > Nassfutter", "description": "mit hochwertigem Fleisch, Lachsöl, reich an Omega-6-Fettsäuren hohe Bioverfügbarkeit, beste Qualität Gesunder Stoffwechsel dank Taurin"}
{"url": "https://www.fressnapf.de/p/aniforte-bio-kokosoel-400-ml-1458838/", "product_name": "AniForte Bio Kokosöl 400 ml", "brand": "AniForte Ergänzungsfutter & Aufzucht", "regular_price": 0.0, "selling_price": 12.99, "price_per_unit": 0.0, "breadcrumbs": "Hund > Hundefutter > Ergänzungsfutter & Aufzucht", "description": "Für Energiestoffwechsel & Immunsystem Nicht raffiniert, desodoriert oder gehärtet In Rohkost- & Lebensmittelqualität"}
{"url": "https://www.fressnapf.de/p/catz-finefood-nassfutter-katze-bio-adult-no-503-huhn-12x85-g-1297090/", "product_name": "Catz finefood Nassfutter Katze Bio Adult No. 503 Huhn 12x85 g", "brand": "Catz finefood Nassfutter", "regular_price": 0.0, "selling_price": 18.69, "price_per_unit": 0.0, "breadcrumbs": "Katze > Katzenfutter > Nassfutter", "description": "kein Getreide keine Verwendung von Formfleisch kein Zusatz von Zucker, Farb- oder Aromastoffen"}
{"url": "https://www.fressnapf.de/p/bettys-landhauskueche-selektion-nr1-frischebeutel-12-x-100g-fuer-katze-1499465/", "product_name": "Betty's Landhausküche Selektion Nr.1 Frischebeutel 12 x 100g für Katze", "brand": "Betty's Landhausküche Nassfutter", "regular_price": 0.0, "selling_price": 19.99, "price_per_unit": 0.0, "breadcrumbs": "Katze > Katzenfutter > Nassfutter", "description": "hohe Bioverfügbarkeit, beste Qualität, keine Zusätze von Zucker, Farb- und Konservierungsstoffen schonend gegart, gesunder Stoffwechsel dank Taurin, Borretschöl, reich an Omega -6-Fettsäuren, kann schönes und gesundes Fell unterstützen für wählerische Katzen besonders geeignet, hergestellt in Deutschland"}
{"url": "https://www.fressnapf.de/p/aniforte-ulmenrinde-100-g-1332939/", "product_name": "AniForte Ulmenrinde 100 g", "brand": "AniForte Ergänzungsfutter & Aufzucht", "regular_price": 0.0, "selling_price": 19.99, "price_per_unit": 0.0, "breadcrumbs": "Hund > Hundefutter > Ergänzungsfutter & Aufzucht", "description": "Trägt zur Harmonisierung der Magen- & Darmtätigkeit bei 100 % amerikanische Rotulmenrinde Schonend getrocknet & gemahlen"}
{"url": "https://www.fressnapf.de/p/fellicita-kaninchen-pur-6x-400g-1451614/", "product_name": "Fellicita Kaninchen pur 6x 400g", "brand": "Fellicita Nassfutter", "regular_price": 0.0, "selling_price": 24.51, "price_per_unit": 0.0, "breadcrumbs": "Katze > Katzenfutter > Nassfutter", "description": "Monoprotein – Nur eine Fleischsorte Rezepturen aus tierärztlicher Feder - bedarfsgerechte Nährstoffversorgung getreidefrei, ohne künstliche Aroma-, Farb- und Konservierungsstoffe"}
{"url": "https://www.fressnapf.de/p/favly-petfood-kaninchenohren-mit-fell-360-g-1473998/", "product_name": "FAVLY Petfood Kaninchenohren mit Fell 360 g", "brand": "FAVLY Petfood Snacks", "regular_price": 0.0, "selling_price": 21.55, "price_per_unit": 0.0, "breadcrumbs": "Hund > Hundefutter > Snacks", "description": "kann die Darmflora unterstützen luftgetrocknet ohne chemische Zusätze hypoallergen - für Allergiker & sensible Fellnasen"}
{"url": "https://www.fressnapf.de/p/fred--felia-felia-10x190g-huhn-1422055/", "product_name": "Fred & Felia FELIA 10x190g Huhn", "brand": "Fred & Felia Nassfutter", "regular_price": 0.0, "selling_price": 24.9, "price_per_unit": 0.0, "breadcrumbs": "Katze > Katzenfutter > Nassfutter", "description": "Aus besten Zutaten in Lebensmittelqualität - ohne Zusatzstoffe In eigener Manufaktur in Bayern hergestellt Umweltfreundlich verpackt im Tetra Pak®"}
{"url": "https://www.fressnapf.de/p/kittys-cuisine-kittys-cuisine-12x70g-1313381/", "product_name": "Kitty's Cuisine Kitty´s Cuisine 12x70g", "brand": "Kitty's Cuisine Nassfutter", "regular_price": 0.0, "selling_price": 16.68, "price_per_unit": 0.0, "breadcrumbs": "Katze > Katzenfutter > Nassfutter", "description": "Besondere Filet-Konsistenz Getreidefreie Rezeptur Mit Superfood wie z.B. Mango, Aronia-Beeren, Papaya oder Blaubeeren"}
{"url": "https://www.fressnapf.de/p/crave-in-sosse-28-x-85g-thunfisch-1390808/", "product_name": "CRAVE in Soße 28 x 85g Thunfisch", "brand": "CRAVE Nassfutter", "regular_price": 0.0, "selling_price": 29.99, "price_per_unit": 0.0, "breadcrumbs": "Katze > Katzenfutter > Nassfutter", "description": "Mindestens 65% tierische Zutaten Hoher Proteingehalt für eine starke und gesunde Muskulatur Ohne Zusatz von Getreide für eine mit sensible Verdauung"}
{"url": "https://www.fressnapf.de/p/mera-cats-for-all-adult-huhn-10kg-1361568/", "product_name": "mera Cats For All Adult Huhn 10kg", "brand": "mera Trockenfutter", "regular_price": 0.0, "selling_price": 55.99, "price_per_unit": 0.0, "breadcrumbs": "Katze > Katzenfutter > Trockenfutter", "description": "Mit Anti-Hairball Komplex Ohne Zusatz von Zucker sowie künstlichen Farb-, Aroma- und Konservierungsstoffen Verpackung aus vollständig recyclebarem Kunststoff"}
{"url": "https://www.fressnapf.de/p/bettys-landhauskueche-kitten-huhn--rind-1391606/", "product_name": "Betty's Landhausküche Kitten Huhn & Rind", "brand": "Betty's Landhausküche Nassfutter", "regular_price": 0.0, "selling_price": 20.28, "price_per_unit": 0.0, "breadcrumbs": "Katze > Katzenfutter > Nassfutter", "description": "mit hochwertigem Fleisch, Lachsöl, reich an Omega-6-Fettsäuren hohe Bioverfügbarkeit, beste Qualität Gesunder Stoffwechsel dank Taurin"}
{"url": "https://www.fressnapf.de/p/fellicita-mixpaket-nr-1-grosse-vielfalt-6x-200g-1478228/", "product_name": "Fellicita Mixpaket Nr. 1 große Vielfalt 6x 200g", "brand": "Fellicita Nassfutter", "regular_price": 0.0, "selling_price": 13.38, "price_per_unit": 0.0, "breadcrumbs": "Katze > Katzenfutter > Nassfutter", "description": "6 leckere Sorten in einem Mixpack Rezepturen aus tierärztlicher Feder - bedarfsgerechte Nährstoffversorgung getreidefrei, ohne künstliche Aroma-, Farb- und Konservierungsstoffe"}
{"url": "https://www.fressnapf.de/p/bettys-landhauskueche-mit-ente-6-x-400g-fuer-hund-1365696/", "product_name": "Betty's Landhausküche mit Ente 6 x 400g für Hund", "brand": "Betty's Landhausküche Hundenassfutter", "regular_price": 0.0, "selling_price": 20.34, "price_per_unit": 0.0, "breadcrumbs": "Hund > Hundefutter > Hundenassfutter", "description": "ohne Zusatz von Farb-, Geschmacks- und Konservierungsstoffen, hohe Bioverfügbarkeit, getreidefrei mit hochwertigem Fleisch hohe Bioverfügbarkeit beste Qualität schonend gegart für alle Hunderassen geeignet schonend gegart, für alle Hunderassen geeignet, hergestellt in Deutschland"}
{"url": "https://www.fressnapf.de/p/hills-prescription-diet-urinary-care-cd-multicare-ragout-mit-huhn-und-gemuese-24x82g-1373632/", "product_name": "Hill's Prescription Diet Urinary Care c/d Multicare Ragout mit Huhn und Gemüse 24x82g", "brand": "Hill's", "regular_price": 40.0, "selling_price": 37.99, "price_per_unit": 19.3, "breadcrumbs": "PLP > VET Diäten > Katze > Urinary", "description": "Ernährung zur starken Reduzierung häufiger Harnwegssymptome Kann Struvitsteine in nur 7 Tagen auflösen (durchschnittlich 27 Tage) Reduziert das Risiko für Struvit- und Calciumoxalatsteine"}
{"url": "https://www.fressnapf.de/p/chronobalance-katzeneis-zum-selbermachen-3-sorten-1409596/", "product_name": "ChronoBalance Katzeneis zum Selbermachen 3 Sorten", "brand": "ChronoBalance Snacks", "regular_price": 0.0, "selling_price": 15.63, "price_per_unit": 0.0, "breadcrumbs": "Hund > Hundefutter > Snacks", "description": "Unser Katzeneis: Leckere und frische Eismischung für Katzen – idealer Snack an heißen Tagen. Verträglichkeit: Die Eismischungen haben bei Katzen eine hohe Akzeptanz und sind gut verträglich. Zubereitung: Beutelinhalt mit 250ml Wasser vermischen – in dem Eisbecher oder einer anderen beliebigen Form für 15-20 Minuten quellen lassen – Durchfrieren lassen – Ihre Katze genießen lassen."}
{"url": "https://www.fressnapf.de/p/chronobalance-hanfoel-100-ml-1409506/", "product_name": "ChronoBalance Hanföl 100 ml", "brand": "ChronoBalance Ergänzungsfutter & Aufzucht", "regular_price": 0.0, "selling_price": 9.89, "price_per_unit": 0.0, "breadcrumbs": "Katze > Katzenfutter > Ergänzungsfutter & Aufzucht", "description": "Funktion: Die regenerierende Wirkung kann das Immun- und Nervensystem der Katze positiv beeinflussen. Beschaffenheit: Reich an den für Katzen essentiellen Omega-3- und Omega-6-Fettsäuren. Qualität: natürliches und reines Hanföl aus 100% kaltgepressten Hanfsamen, hergestellt in Deutschland."}
{"url": "https://www.fressnapf.de/p/fellicita-mixpaket-nr-2-monoprotein-6x-200g-1478229/", "product_name": "Fellicita Mixpaket Nr. 2 Monoprotein 6x 200g", "brand": "Fellicita Nassfutter", "regular_price": 0.0, "selling_price": 14.22, "price_per_unit": 0.0, "breadcrumbs": "Katze > Katzenfutter > Nassfutter", "description": "3 leckere Monoprotein-Sorten in einem Mixpack Rezepturen aus tierärztlicher Feder - bedarfsgerechte Nährstoffversorgung getreidefrei, ohne künstliche Aroma-, Farb- und Konservierungsstoffe"}
{"url": "https://www.fressnapf.de/p/fellicita-hering-krabben--huhn-6x-200g-1451605/", "product_name": "Fellicita Hering, Krabben & Huhn 6x 200g", "brand": "Fellicita Nassfutter", "regular_price": 0.0, "selling_price": 12.54, "price_per_unit": 0.0, "breadcrumbs": "Katze > Katzenfutter > Nassfutter", "description": "Multiprotein – Mix aus mehreren Proteinsorten Rezepturen aus tierärztlicher Feder - bedarfsgerechte Nährstoffversorgung getreidefrei, ohne künstliche Aroma-, Farb- und Konservierungsstoffe"}
{"url": "https://www.fressnapf.de/p/chronobalance-gruenlippmuschelpulver-100-g-1410908/", "product_name": "ChronoBalance Grünlippmuschelpulver 100 g", "brand": "ChronoBalance Ergänzungsfutter & Aufzucht", "regular_price": 0.0, "selling_price": 14.19, "price_per_unit": 0.0, "breadcrumbs": "Katze > Katzenfutter > Ergänzungsfutter & Aufzucht", "description": "Funktion: Kann den Bewegungsapparat und die Gelenkfunktion der Katze unterstützen. Beschaffenheit: Reich an essentiellen Omega-3-Fettsäuren, für mehr Bewegungsfreude (insb. im Alter). Qualität: 100% fein gemahlenes Muschelfleisch aus der neuseeländischen Grünlippmuschel."}
{"url": "https://www.fressnapf.de/p/aniforte-msm-pulver-300g-1472624/", "product_name": "AniForte MSM Pulver 300g", "brand": "AniForte Ergänzungsfutter & Aufzucht", "regular_price": 0.0, "selling_price": 13.99, "price_per_unit": 0.0, "breadcrumbs": "Hund > Hundefutter > Ergänzungsfutter & Aufzucht", "description": "Unverzichtbares Element im Stoffwechsel Unterstützung der Gelenkkraft Wirkt sich positiv auf oxidativen Stress aus"}
{"url": "https://www.fressnapf.de/p/aniforte-taurin-100g-1472617/", "product_name": "AniForte Taurin 100g", "brand": "AniForte Ergänzungsfutter & Aufzucht", "regular_price": 0.0, "selling_price": 21.99, "price_per_unit": 0.0, "breadcrumbs": "Katze > Katzenfutter > Ergänzungsfutter & Aufzucht", "description": "Gesunderhaltung der Netzhaut & Organfunktion Unterstützung Immunsystem & Stoffwechsel Für den täglichen Taurinbedarf"}
{"url": "https://www.fressnapf.de/p/hills-science-plan-youthful-vitality-adult-mature-7-mit-huhn-15-kg-1259132/", "product_name": "Hill's Science Plan Youthful Vitality Adult Mature 7+ mit Huhn 1,5 kg", "brand": "Hill's Trockenfutter", "regular_price": 21.99, "selling_price": 20.99, "price_per_unit": 13.99, "breadcrumbs": "Katze > Katzenfutter > Trockenfutter", "description": "Unterstützt die soziale Interaktion, Energie, Vitalität und Gehirnfunktion bei älteren Katzen Fördert ein gesundes Fell mit Vitamin E und Omega-6-Fettsäuren Leicht verdauliche Zutaten, abgestimmt auf den Magen älterer Katzen"}
{"url": "https://www.fressnapf.de/p/chronobalance-mariendisteloel-100-ml-1409511/", "product_name": "ChronoBalance Mariendistelöl 100 ml", "brand": "ChronoBalance Ergänzungsfutter & Aufzucht", "regular_price": 0.0, "selling_price": 9.89, "price_per_unit": 0.0, "breadcrumbs": "Katze > Katzenfutter > Ergänzungsfutter & Aufzucht", "description": "Funktion: Kann die Gallen- und Leberfunktion als auch die Fell- und Hautpflege unterstützen. Beschaffenheit: Reich an wichtigen Omega-6- und 9-Fettsäuren und vielen weiteren Nährstoffen. Anwendung: Das Futteröl dient als Futterergänzung bei Trockenfutter, Nassfutter sowie auch als Barföl. Als Hilfe zur Dosierung ist eine Becher auf dem Deckel der Flasche angebracht."}
{"url": "https://www.fressnapf.de/p/dr-hoelter-pro-senior-pulver-40-g-1421244/", "product_name": "Dr. Hölter Pro Senior Pulver 40 g", "brand": "Dr. Hölter Ergänzungsfutter & Aufzucht", "regular_price": 0.0, "selling_price": 13.9, "price_per_unit": 0.0, "breadcrumbs": "Hund > Hundefutter > Ergänzungsfutter & Aufzucht", "description": "gezielte Unterstützung des Stoffwechsels älterer Hunde und Katzen Immunsystem, Gelenke, Nervensystem Gesund alt werden für Hunde und Katzen"}
{"url": "https://www.fressnapf.de/p/fortan-relax-fortan-tabletten-mit-l-tryptophan-100-g-1439343/", "product_name": "Fortan Relax-Fortan Tabletten mit L-Tryptophan 100 g", "brand": "Fortan Ergänzungsfutter & Aufzucht", "regular_price": 0.0, "selling_price": 19.0, "price_per_unit": 0.0, "breadcrumbs": "Hund > Hundefutter > Ergänzungsfutter & Aufzucht", "description": "Steigerung des Serotoninspiegels Positive Verhaltensentwicklung Entspannung in Stresssituationen"}
{"url": "https://www.fressnapf.de/p/cats-love-bio-nassfutter-katze-adult-in-gelee-ente-6x100-g-1391410/", "product_name": "CAT'S LOVE Bio Nassfutter Katze Adult in Gelee Ente 6x100 g", "brand": "CAT'S LOVE Nassfutter", "regular_price": 0.0, "selling_price": 10.49, "price_per_unit": 0.0, "breadcrumbs": "Katze > Katzenfutter > Nassfutter", "description": "100% BIO hoher Fleischanteil von 71% getreidefrei"}
{"url": "https://www.fressnapf.de/p/fred--felia-felia-10x190g-pute-1422057/", "product_name": "Fred & Felia FELIA 10x190g Pute", "brand": "Fred & Felia Nassfutter", "regular_price": 0.0, "selling_price": 24.9, "price_per_unit": 0.0, "breadcrumbs": "Katze > Katzenfutter > Nassfutter", "description": "Aus besten Zutaten in Lebensmittelqualität - ohne Zusatzstoffe In eigener Manufaktur in Bayern hergestellt Umweltfreundlich verpackt im Tetra Pak®"}
{"url": "https://www.fressnapf.de/p/aniforte-bachblueten-wohlfuehl-1480464/", "product_name": "AniForte Bachblüten Wohlfühl", "brand": "AniForte Ergänzungsfutter & Aufzucht", "regular_price": 0.0, "selling_price": 15.99, "price_per_unit": 0.0, "breadcrumbs": "Hund > Hundefutter > Ergänzungsfutter & Aufzucht", "description": "Natürliche & pflanzliche Inhaltsstoffen In Deutschland hergestellt Nach alter, traditioneller Rezeptur"}
{"url": "https://www.fressnapf.de/p/bettys-landhauskueche-mit-ente-6-x-800g-fuer-hund-1365697/", "product_name": "Betty's Landhausküche mit Ente 6 x 800g für Hund", "brand": "Betty's Landhausküche Hundenassfutter", "regular_price": 0.0, "selling_price": 28.74, "price_per_unit": 0.0, "breadcrumbs": "Hund > Hundefutter > Hundenassfutter", "description": "ohne Zusatz von Farb-, Geschmacks- und Konservierungsstoffen, hohe Bioverfügbarkeit, getreidefrei mit hochwertigem Fleisch hohe Bioverfügbarkeit beste Qualität schonend gegart für alle Hunderassen geeignet schonend gegart, für alle Hunderassen geeignet, hergestellt in Deutschland"}
{"url": "https://www.fressnapf.de/p/select-gold-pure-adult-mischfuetterung-set-2tlg-1324850/", "product_name": "SELECT GOLD PURE Adult Mischfütterung-Set 2tlg.", "brand": "SELECT GOLD Nassfutter", "regular_price": 0.0, "selling_price": 32.78, "price_per_unit": 0.0, "breadcrumbs": "Katze > Katzenfutter > Nassfutter", "description": "Optimal für eine ausgewogene Ernährung Besonders geeignet bei Unverträglichkeiten Weizenfreie Rezeptur"}
{"url": "https://www.fressnapf.de/p/doppelherz-gelenk-complex-fuer-katzen-25-stk-1376089/", "product_name": "Doppelherz Gelenk Complex für Katzen 25 Stk", "brand": "Doppelherz Ergänzungsfutter & Aufzucht", "regular_price": 0.0, "selling_price": 14.99, "price_per_unit": 0.0, "breadcrumbs": "Katze > Katzenfutter > Ergänzungsfutter & Aufzucht", "description": "Zur Unterstützung des Gelenkstoffwechsels bei Osteoarthritis Ohne Getreide und Zusatz von Zucker, Farb- & künstlichen Aromastoffen Zum Erhalt der Beweglichkeit & mehr Bewegungsfreude"}
{"url": "https://www.fressnapf.de/p/aniforte-teufelskralle-pulver-250-g-1337239/", "product_name": "AniForte Teufelskralle Pulver 250 g", "brand": "AniForte Ergänzungsfutter & Aufzucht", "regular_price": 0.0, "selling_price": 19.99, "price_per_unit": 0.0, "breadcrumbs": "Hund > Hundefutter > Ergänzungsfutter & Aufzucht", "description": "Für Gelenkfunktion & Beweglichkeit Kann Gelenke, Sehnen & Bänder unterstützen Kann zur Beweglichkeit der Muskulatur beitragen"}
{"url": "https://www.fressnapf.de/p/aniforte-barf-line-kartoffelflocken-1kg-1477519/", "product_name": "AniForte BARF-Line Kartoffelflocken 1kg", "brand": "AniForte Ergänzungsfutter & Aufzucht", "regular_price": 0.0, "selling_price": 17.99, "price_per_unit": 0.0, "breadcrumbs": "Hund > Hundefutter > Ergänzungsfutter & Aufzucht", "description": "Wertvolle Proteine & Ballaststoffe Getreide- & glutenfrei Schonend getrocknet & vorgegart"}
{"url": "https://www.fressnapf.de/p/fellicita-mixpaket-nr-3-multiprotein-6x-200g-1478230/", "product_name": "Fellicita Mixpaket Nr. 3 Multiprotein 6x 200g", "brand": "Fellicita Nassfutter", "regular_price": 0.0, "selling_price": 12.54, "price_per_unit": 0.0, "breadcrumbs": "Katze > Katzenfutter > Nassfutter", "description": "3 leckere Multiprotein-Sorten in einem Mixpack Rezepturen aus tierärztlicher Feder - bedarfsgerechte Nährstoffversorgung getreidefrei, ohne künstliche Aroma-, Farb- und Konservierungsstoffe"}
{"url": "https://www.fressnapf.de/p/aniforte-bachblueten-rivalitaet-1480466/", "product_name": "AniForte Bachblüten Rivalität", "brand": "AniForte Ergänzungsfutter & Aufzucht", "regular_price": 0.0, "selling_price": 15.99, "price_per_unit": 0.0, "breadcrumbs": "Hund > Hundefutter > Ergänzungsfutter & Aufzucht", "description": "Bei Aggressivität, Stress & Unruhe Für Hunde mit Verhaltensstörungen In Ausnahmesituationen"}
{"url": "https://www.fressnapf.de/p/aniforte-hagebuttenpulver-250-g-1477522/", "product_name": "AniForte Hagebuttenpulver 250 g", "brand": "AniForte Ergänzungsfutter & Aufzucht", "regular_price": 0.0, "selling_price": 12.99, "price_per_unit": 0.0, "breadcrumbs": "Hund > Hundefutter > Ergänzungsfutter & Aufzucht", "description": "Unterstützt das Immunsystem Unterstützt die Gelenkfunktion Nährstoffreich & gesundheitsfördernd"}
{"url": "https://www.fressnapf.de/p/aniforte-barf-line-reisflocken-1kg-1477520/", "product_name": "AniForte BARF-Line Reisflocken 1kg", "brand": "AniForte Ergänzungsfutter & Aufzucht", "regular_price": 0.0, "selling_price": 15.99, "price_per_unit": 0.0, "breadcrumbs": "Hund > Hundefutter > Ergänzungsfutter & Aufzucht", "description": "Wertvolle Proteine & Ballaststoffe Glutenfrei & naturbelassen Schonend getrocknet & geschält"}
{"url": "https://www.fressnapf.de/p/fellicita-huhn-pur-6x-400g-1451609/", "product_name": "Fellicita Huhn pur 6x 400g", "brand": "Fellicita Nassfutter", "regular_price": 0.0, "selling_price": 20.73, "price_per_unit": 0.0, "breadcrumbs": "Katze > Katzenfutter > Nassfutter", "description": "Monoprotein – Nur eine Fleischsorte Rezepturen aus tierärztlicher Feder - bedarfsgerechte Nährstoffversorgung getreidefrei, ohne künstliche Aroma-, Farb- und Konservierungsstoffe"}
{"url": "https://www.fressnapf.de/p/cdprotect-dog-forte-150g-75-g-1670723/", "product_name": "cdProtect Dog forte+ 150g 75 g", "brand": "cdProtect Ergänzungsfutter & Aufzucht", "regular_price": 0.0, "selling_price": 16.95, "price_per_unit": 0.0, "breadcrumbs": "Hund > Hundefutter > Ergänzungsfutter & Aufzucht", "description": "Wichtige wilde Kräuter für ein wurmfeindliches Darmmilieu Ohne Füllstoffe, Geschmacksverstärker und synthetische Zusatzstoffe Mit Saponinen, Bitterstoffen und Gerbstoffen"}
{"url": "https://www.fressnapf.de/p/select-gold-acceptance-adult-gefluegel--leber-300-g-1407042/", "product_name": "SELECT GOLD Acceptance Adult Geflügel & Leber 300 g", "brand": "SELECT GOLD Trockenfutter", "regular_price": 0.0, "selling_price": 4.49, "price_per_unit": 0.0, "breadcrumbs": "Katze > Katzenfutter > Trockenfutter", "description": "Mit schmackhafter Geflügelleber Geförderte Akzeptanz Weizenfreie Rezeptur"}
{"url": "https://www.fressnapf.de/p/aniforte-bachblueten-no-31-vervain-1480468/", "product_name": "AniForte Bachblüten No. 31 Vervain", "brand": "AniForte Ergänzungsfutter & Aufzucht", "regular_price": 0.0, "selling_price": 15.99, "price_per_unit": 0.0, "breadcrumbs": "Hund > Hundefutter > Ergänzungsfutter & Aufzucht", "description": "Bei Hektik, Stress & Hyperaktivität Gegen überdrehtes Verhalten Für innere Ausgeglichenheit"}
{"url": "https://www.fressnapf.de/p/fortan-catfortan-multivitamintabletten-90-g-1428466/", "product_name": "Fortan Catfortan Multivitamintabletten 90 g", "brand": "Fortan Ergänzungsfutter & Aufzucht", "regular_price": 0.0, "selling_price": 14.0, "price_per_unit": 0.0, "breadcrumbs": "Katze > Katzenfutter > Ergänzungsfutter & Aufzucht", "description": "Biologisches Vitalkonzentrat für Katzen Taurin, Vitamine, Spurenelemente, Mineralstoffe Essentielle Aminosäuren L-Arginin, Dl-Methionin, L-Lysin"}
{"url": "https://www.fressnapf.de/p/fellicita-multipack-5-sorten-10x-95-g-1486616/", "product_name": "Fellicita Multipack 5 Sorten 10x 95 g", "brand": "Fellicita Nassfutter", "regular_price": 0.0, "selling_price": 20.85, "price_per_unit": 0.0, "breadcrumbs": "Katze > Katzenfutter > Nassfutter", "description": "5 leckere Sorten in einem Multipack Rezepturen aus tierärztlicher Feder - bedarfsgerechte Nährstoffversorgung getreidefrei, ohne künstliche Aroma-, Farb- und Konservierungsstoffe"}
{"url": "https://www.fressnapf.de/p/cdvet-durchfallstopp-91-g-1478262/", "product_name": "cdVet DurchfallStopp 91 g", "brand": "cdVet Ergänzungsfutter & Aufzucht", "regular_price": 0.0, "selling_price": 12.95, "price_per_unit": 0.0, "breadcrumbs": "Hund > Hundefutter > Ergänzungsfutter & Aufzucht", "description": "Diät-Ergänzungsfuttermittel für Hunde und Katzen bei und nach akutem Durchfall Kann Toxinstoffe im Verdauungstrakt binden Spezial-Bierhefe unterstützt die schleimhaltige Schutzbarriere des Darms und dessen Immunsystems"}
{"url": "https://www.fressnapf.de/p/fellicita-ente-pur-6-x-200g-1426548/", "product_name": "Fellicita Ente pur 6 x 200g", "brand": "Fellicita Nassfutter", "regular_price": 0.0, "selling_price": 15.06, "price_per_unit": 0.0, "breadcrumbs": "Katze > Katzenfutter > Nassfutter", "description": "Monoprotein – Nur eine Fleischsorte Rezepturen aus tierärztlicher Feder - bedarfsgerechte Nährstoffversorgung getreidefrei, ohne künstliche Aroma-, Farb- und Konservierungsstoffe"}
{"url": "https://www.fressnapf.de/p/dr-hoelter-diardoc-zym-verdauungsenzyme-pulver-40-g-1421251/", "product_name": "Dr. Hölter DiarDoc Zym Verdauungsenzyme Pulver 40 g", "brand": "Dr. Hölter Ergänzungsfutter & Aufzucht", "regular_price": 0.0, "selling_price": 14.9, "price_per_unit": 0.0, "breadcrumbs": "Hund > Hundefutter > Ergänzungsfutter & Aufzucht", "description": "Für Allergiker geeignete, natürliche Verdauungsenzyme für Hunde und Katzen Bei Futterunverträglichkeiten und Bedarf an Pankreasenzymen Auch in Kapseln zur praktischen Dosierung"}
{"url": "https://www.fressnapf.de/p/arthrogreen-classic-25-g-1302255/", "product_name": "ArthroGreen Classic 25 g", "brand": "ArthroGreen Ergänzungsfutter & Aufzucht", "regular_price": 0.0, "selling_price": 13.95, "price_per_unit": 0.0, "breadcrumbs": "Hund > Hundefutter > Ergänzungsfutter & Aufzucht", "description": "Zur Unterstützung des Bewegungsapparates Mit 30% neuseeländischer grünlippiger Zuchtmuschel Zur Versorgung von Muskeln, Sehnen und Bindegewebe"}
{"url": "https://www.fressnapf.de/p/hills-prescription-diet-urinary-care-cd-multicare-mit-huhn-24x156g-1371752/", "product_name": "Hill's Prescription Diet Urinary Care c/d Multicare mit Huhn 24x156g", "brand": "Hill's", "regular_price": 62.7, "selling_price": 58.99, "price_per_unit": 15.76, "breadcrumbs": "PLP > VET Diäten > Katze > Urinary", "description": "Ernährung zur starken Reduzierung häufiger Harnwegssymptome Kann Struvitsteine in nur 7 Tagen auflösen (durchschnittlich 27 Tage) Reduziert das Risiko für Struvit- und Calciumoxalatsteine"}
{"url": "https://www.fressnapf.de/p/fortan-bierhefe-tabs-400-g-1447182/", "product_name": "Fortan Bierhefe-Tabs 400 g", "brand": "Fortan Ergänzungsfutter & Aufzucht", "regular_price": 0.0, "selling_price": 18.0, "price_per_unit": 0.0, "breadcrumbs": "Hund > Hundefutter > Ergänzungsfutter & Aufzucht", "description": "100% echte Bierhefe Reich an B-Vitaminen und Antioxidantien - für multibiotische Kraft Fördert gesunde Haut, Haare, Augen und unterstützt die Verdauung"}
{"url": "https://www.fressnapf.de/p/felitatz-magenschutz-1478263/", "product_name": "feliTATZ Magenschutz", "brand": "feliTATZ Ergänzungsfutter & Aufzucht", "regular_price": 0.0, "selling_price": 20.95, "price_per_unit": 0.0, "breadcrumbs": "Katze > Katzenfutter > Ergänzungsfutter & Aufzucht", "description": "Für die natürliche Regulation des Säuren-Basen-Haushalts Für Katzen die zu Aufstoßen, Unruhe und Übelkeit nach dem Fressen neigen Bindet Magensäure und schützt die Magenschleimhaut der Katze"}
{"url": "https://www.fressnapf.de/p/aniforte-4in1-complete-cat-60g-1332844/", "product_name": "AniForte 4in1 Complete Cat 60g", "brand": "AniForte Ergänzungsfutter & Aufzucht", "regular_price": 0.0, "selling_price": 23.99, "price_per_unit": 0.0, "breadcrumbs": "Katze > Katzenfutter > Ergänzungsfutter & Aufzucht", "description": "Unterstützt Bewegung & Gelenke Für Magen- & Darmtätigkeit Herzfunktion, Immun- & Nervensystem"}
{"url": "https://www.fressnapf.de/p/the-better-cat-gefriergetrockneter-snack---huhn-50g-1657178/", "product_name": "The Better Cat Gefriergetrockneter Snack - Huhn 50g", "brand": "The Better Cat Snacks", "regular_price": 0.0, "selling_price": 9.99, "price_per_unit": 0.0, "breadcrumbs": "Katze > Katzenfutter > Snacks", "description": "95% Fleischanteil (nur Muskel, Herz und Leber) Ohne Getreide & Zuckerzusätze Mit Präbiotika - unterstützt eine gesunde Verdauung"}
{"url": "https://www.fressnapf.de/p/fellicita-rind--gefluegel-fuer-kitten-6x-200g-1451599/", "product_name": "Fellicita Rind & Geflügel für Kitten 6x 200g", "brand": "Fellicita Nassfutter", "regular_price": 0.0, "selling_price": 12.54, "price_per_unit": 0.0, "breadcrumbs": "Katze > Katzenfutter > Nassfutter", "description": "Multiprotein – Mix aus mehreren Fleischsorten Rezepturen aus tierärztlicher Feder - bedarfsgerechte Nährstoffversorgung getreidefrei, ohne künstliche Aroma-, Farb- und Konservierungsstoffe"}
{"url": "https://www.fressnapf.de/p/fortan-biotin-plus-msm--b-komplex-tabs-100-g-1452905/", "product_name": "Fortan Biotin-plus MSM & B-Komplex Tabs 100 g", "brand": "Fortan Ergänzungsfutter & Aufzucht", "regular_price": 0.0, "selling_price": 17.0, "price_per_unit": 0.0, "breadcrumbs": "Hund > Hundefutter > Ergänzungsfutter & Aufzucht", "description": "Biotin hochdosiert Mit den Vitaminen B1, B2, B6, B12 und E 7 % MSM mit anteilig 34 % Schwefel"}
{"url": "https://www.fressnapf.de/p/cdvet-magenschutz-100-g-1668854/", "product_name": "cdVet Magenschutz 100 g", "brand": "cdVet Ergänzungsfutter & Aufzucht", "regular_price": 0.0, "selling_price": 14.95, "price_per_unit": 0.0, "breadcrumbs": "Hund > Hundefutter > Ergänzungsfutter & Aufzucht", "description": "Unterstützt die physiologische Regeneration der Magenschleimhaut Ohne Füllstoffe, ohne Geschmacksverstärker und ohne synthetische Zusatzstoffe Von Tierheilpraktikern, Tierärzten und Tierbesitzern entwickelt"}
{"url": "https://www.fressnapf.de/p/fit-barf-oel-3-6-9-250-ml-1679972/", "product_name": "Fit-BARF Öl 3-6-9 250 ml", "brand": "Fit-BARF Ergänzungsfutter & Aufzucht", "regular_price": 0.0, "selling_price": 13.95, "price_per_unit": 0.0, "breadcrumbs": "Hund > Hundefutter > Ergänzungsfutter & Aufzucht", "description": "Optimalen Versorgung mit essentiellen Fettsäuren Ernährungsbedingte Unterstützung für Fell, Haut, Gelenke und das Immunsystem Für eine ausgeglichene Ernährung bei Rohfütterung"}
{"url": "https://www.fressnapf.de/p/aniforte-barf-line-gemuese-kraeuter-vielfalt-1kg-1477518/", "product_name": "AniForte BARF-Line Gemüse-Kräuter Vielfalt 1kg", "brand": "AniForte Ergänzungsfutter & Aufzucht", "regular_price": 0.0, "selling_price": 23.99, "price_per_unit": 0.0, "breadcrumbs": "Hund > Hundefutter > Ergänzungsfutter & Aufzucht", "description": "Heimische Kräuter & Gemüse Getreidefrei & schonend getrocknet Vitale & nährstoffdichte Ergänzung"}
{"url": "https://www.fressnapf.de/p/fortan-fortain-pulver-eisenquelle-80-g-1428472/", "product_name": "Fortan Fortain Pulver Eisenquelle 80 g", "brand": "Fortan Ergänzungsfutter & Aufzucht", "regular_price": 0.0, "selling_price": 9.4, "price_per_unit": 0.0, "breadcrumbs": "Hund > Hundefutter > Ergänzungsfutter & Aufzucht", "description": "Lebensnotwendige essentielle Aminosäuren Kräftigung und Erhaltung der Körpersubstanz Natürliche Eisenquelle"}
{"url": "https://www.fressnapf.de/p/aniforte-indische-flohsamen-1kg-1332845/", "product_name": "AniForte Indische Flohsamen 1kg", "brand": "AniForte Ergänzungsfutter & Aufzucht", "regular_price": 0.0, "selling_price": 21.99, "price_per_unit": 0.0, "breadcrumbs": "Hund > Hundefutter > Ergänzungsfutter & Aufzucht", "description": "Für Verdauung & Darmfunktion Unterstützt bei vorübergehenden Störungen Mit wertvollen Natur- & Ballaststoffen"}
{"url": "https://www.fressnapf.de/p/fellicita-huhn-pur-6x-800g-1451610/", "product_name": "Fellicita Huhn pur 6x 800g", "brand": "Fellicita Nassfutter", "regular_price": 0.0, "selling_price": 31.44, "price_per_unit": 0.0, "breadcrumbs": "Katze > Katzenfutter > Nassfutter", "description": "Monoprotein – Nur eine Fleischsorte Rezepturen aus tierärztlicher Feder - bedarfsgerechte Nährstoffversorgung getreidefrei, ohne künstliche Aroma-, Farb- und Konservierungsstoffe"}
{"url": "https://www.fressnapf.de/p/dreamies-x-mas-geschenkbox-120g-1342246/", "product_name": "Dreamies X-Mas Geschenkbox 120g", "brand": "Dreamies Snacks", "regular_price": 0.0, "selling_price": 2.99, "price_per_unit": 0.0, "breadcrumbs": "Katze > Katzenfutter > Snacks", "description": "Unwiderstehlicher Mix mit Huhn, Käse, Lachs und Rind Außen kross und innen cremig. Hübsches weihnachtliches Design"}
{"url": "https://www.fressnapf.de/p/fellicita-mixpaket-nr-7-fuer-kitten-6x-200g-1478252/", "product_name": "Fellicita Mixpaket Nr. 7 für Kitten 6x 200g", "brand": "Fellicita Nassfutter", "regular_price": 0.0, "selling_price": 12.54, "price_per_unit": 0.0, "breadcrumbs": "Katze > Katzenfutter > Nassfutter", "description": "2 leckere Sorten für Kitten Rezepturen aus tierärztlicher Feder - bedarfsgerechte Nährstoffversorgung getreidefrei, ohne künstliche Aroma-, Farb- und Konservierungsstoffe"}
{"url": "https://www.fressnapf.de/p/fellicita-pute--forelle-6x-200g-1451618/", "product_name": "Fellicita Pute & Forelle 6x 200g", "brand": "Fellicita Nassfutter", "regular_price": 0.0, "selling_price": 12.54, "price_per_unit": 0.0, "breadcrumbs": "Katze > Katzenfutter > Nassfutter", "description": "Multiprotein – Mix aus einer Fleisch- und einer Fischsorte Rezepturen aus tierärztlicher Feder - bedarfsgerechte Nährstoffversorgung getreidefrei, ohne künstliche Aroma-, Farb- und Konservierungsstoffe"}
{"url": "https://www.fressnapf.de/p/fellicita-mixpaket-nr-4-grosse-vielfalt-6x-400g-1478421/", "product_name": "Fellicita Mixpaket Nr. 4 große Vielfalt 6x 400g", "brand": "Fellicita Nassfutter", "regular_price": 0.0, "selling_price": 21.99, "price_per_unit": 0.0, "breadcrumbs": "Katze > Katzenfutter > Nassfutter", "description": "6 leckere Sorten in einem Mixpack Rezepturen aus tierärztlicher Feder - bedarfsgerechte Nährstoffversorgung getreidefrei, ohne künstliche Aroma-, Farb- und Konservierungsstoffe"}
{"url": "https://www.fressnapf.de/p/animonda-integra-protect-adult-diabetes-300-g-1382791/", "product_name": "animonda Integra Protect Adult Diabetes 300 g", "brand": "animonda", "regular_price": 2.95, "selling_price": 1.95, "price_per_unit": 6.5, "breadcrumbs": "PLP > VET Diäten > Katze > Diabetes", "description": "bei Diabetes mellitus Stabiler Blutzucker ohne Gluten"}
{"url": "https://www.fressnapf.de/p/fellicita-rind--ente-6x-200g-1451615/", "product_name": "Fellicita Rind & Ente 6x 200g", "brand": "Fellicita Nassfutter", "regular_price": 0.0, "selling_price": 12.54, "price_per_unit": 0.0, "breadcrumbs": "Katze > Katzenfutter > Nassfutter", "description": "Multiprotein – Mix aus zwei Fleischsorten Rezepturen aus tierärztlicher Feder - bedarfsgerechte Nährstoffversorgung getreidefrei, ohne künstliche Aroma-, Farb- und Konservierungsstoffe"}
{"url": "https://www.fressnapf.de/p/singulares-bio-nachtkerzenoel-50-ml-1225473/", "product_name": "Singulares Bio-Nachtkerzenöl 50 ml", "brand": "Singulares Ergänzungsfutter & Aufzucht", "regular_price": 0.0, "selling_price": 14.5, "price_per_unit": 0.0, "breadcrumbs": "Hund > Hundefutter > Ergänzungsfutter & Aufzucht", "description": "100% nativem Bio-Nachtkerzenöl in DAB- Qualität Mehrfach ungesättigten Omega-6-Fettsäuren, Linolsäuren und Gamma-Linolensäure Für die individuelle Zusammenstellung des Speiseplans Ihres Tieres"}
{"url": "https://www.fressnapf.de/p/favly-petfood-pure-bites-hirsch-360-g-1474003/", "product_name": "FAVLY Petfood PURE Bites Hirsch 360 g", "brand": "FAVLY Petfood Snacks", "regular_price": 0.0, "selling_price": 23.9, "price_per_unit": 0.0, "breadcrumbs": "Hund > Hundefutter > Snacks", "description": "beste Akzeptanz durch hohen Fleischanteil hypoallergen & monoprotein - für Allergiker geeignet getreidefrei & frei von Zusätzen"}
{"url": "https://www.fressnapf.de/p/fred--felia-felia-10x200g-rind-1422056/", "product_name": "Fred & Felia FELIA 10x200g Rind", "brand": "Fred & Felia Nassfutter", "regular_price": 0.0, "selling_price": 24.9, "price_per_unit": 0.0, "breadcrumbs": "Katze > Katzenfutter > Nassfutter", "description": "Aus besten Zutaten in Lebensmittelqualität - ohne Zusatzstoffe In eigener Manufaktur in Bayern hergestellt Umweltfreundlich verpackt im Tetra Pak®"}
{"url": "https://www.fressnapf.de/p/cdvet-darmaktiv-hund--katze-1290295/", "product_name": "cdVet DarmAktiv Hund & Katze", "brand": "cdVet Ergänzungsfutter & Aufzucht", "regular_price": 0.0, "selling_price": 29.95, "price_per_unit": 0.0, "breadcrumbs": "Hund > Hundefutter > Ergänzungsfutter & Aufzucht", "description": "Zur Unterstützung der Darmflora Fütterungsbedingten Unterstützung der Darmflora und des Immunsystems 100% Naturprodukt"}
{"url": "https://www.fressnapf.de/p/schesir-multipack-in-bruehe-6x70g-1390523/", "product_name": "Schesir Multipack in Brühe 6x70g", "brand": "Schesir Nassfutter", "regular_price": 0.0, "selling_price": 9.49, "price_per_unit": 0.0, "breadcrumbs": "Katze > Katzenfutter > Nassfutter", "description": "100% natürliche Inhaltsstoffe Ohne Zusatz von Konservierungs- oder Farbstoffen 100% recycelbare Verpackung"}
{"url": "https://www.fressnapf.de/p/fellicita-rind-pur-fuer-kitten-6x-200g-1451597/", "product_name": "Fellicita Rind pur für Kitten 6x 200g", "brand": "Fellicita Nassfutter", "regular_price": 0.0, "selling_price": 12.54, "price_per_unit": 0.0, "breadcrumbs": "Katze > Katzenfutter > Nassfutter", "description": "Monoprotein – Nur eine Fleischsorte Rezepturen aus tierärztlicher Feder - bedarfsgerechte Nährstoffversorgung getreidefrei, ohne künstliche Aroma-, Farb- und Konservierungsstoffe"}
{"url": "https://www.fressnapf.de/p/aniforte-barf--line-sommergemuese-variationen-1kg-1477521/", "product_name": "AniForte BARF- Line Sommergemüse Variationen 1kg", "brand": "AniForte Ergänzungsfutter & Aufzucht", "regular_price": 0.0, "selling_price": 23.99, "price_per_unit": 0.0, "breadcrumbs": "Hund > Hundefutter > Ergänzungsfutter & Aufzucht", "description": "Nährstoffreiche Gemüsesorten & Kräuter Als vitale BARF- oder Mahlzeit-Ergänzung Getreide- & glutenfrei"}
{"url": "https://www.fressnapf.de/p/mjamjam-duo-6x400g-huehnchen--kaninchen-an-gedaempftem-kuerbis-1484393/", "product_name": "MjAMjAM Duo 6x400g Hühnchen & Kaninchen an gedämpftem Kürbis", "brand": "MjAMjAM Nassfutter", "regular_price": 17.94, "selling_price": 13.59, "price_per_unit": 6.47, "breadcrumbs": "Katze > Katzenfutter > Nassfutter", "description": "extra hoher Fleischanteil ohne Zuckerzusatz Getreide-, Gluten- und Laktosefrei"}
{"url": "https://www.fressnapf.de/p/fortan-ladies-tabs-mit-himbeerblaetter-extrakt-90-g-1447184/", "product_name": "Fortan Ladies Tabs mit Himbeerblätter-Extrakt 90 g", "brand": "Fortan Ergänzungsfutter & Aufzucht", "regular_price": 0.0, "selling_price": 18.0, "price_per_unit": 0.0, "breadcrumbs": "Hund > Hundefutter > Ergänzungsfutter & Aufzucht", "description": "Verbesserung des Geburtsvorgangs Vermeidung von Läufigkeitsstörungen"}
{"url": "https://www.fressnapf.de/p/favly-petfood-rinderlunge-900-g-1473997/", "product_name": "FAVLY Petfood Rinderlunge 900 g", "brand": "FAVLY Petfood Snacks", "regular_price": 0.0, "selling_price": 27.9, "price_per_unit": 0.0, "breadcrumbs": "Hund > Hundefutter > Snacks", "description": "bestens geeignet für Welpen & Hundesenioren leicht verdaulich & gut verträglich luftgetrocknet ohne chemische Zusätze"}
{"url": "https://www.fressnapf.de/p/the-better-cat-nassfutter-huhn--forelle-595-g-1664526/", "product_name": "The Better Cat Nassfutter Huhn & Forelle 595 g", "brand": "The Better Cat Nassfutter", "regular_price": 0.0, "selling_price": 13.99, "price_per_unit": 0.0, "breadcrumbs": "Katze > Katzenfutter > Nassfutter", "description": "Extra viel Fleisch: 95% Fleisch, Innereien und Brühe Ohne Getreide & Zuckerzusätze Mit Präbiotika - unterstützt eine gesunde Verdauung"}
{"url": "https://www.fressnapf.de/p/aniforte-flohsamenschalen-1kg-1477976/", "product_name": "AniForte Flohsamenschalen 1kg", "brand": "AniForte Ergänzungsfutter & Aufzucht", "regular_price": 0.0, "selling_price": 28.99, "price_per_unit": 0.0, "breadcrumbs": "Hund > Hundefutter > Ergänzungsfutter & Aufzucht", "description": "Unterstützt die Verdauung Stabilisiert die Magen- & Darmtätigkeit Zur Senkung des Hungergefühls"}
{"url": "https://www.fressnapf.de/p/the-better-cat-trockenfutter-300g-lachs-1657176/", "product_name": "The Better Cat Trockenfutter 300g Lachs", "brand": "The Better Cat Trockenfutter", "regular_price": 0.0, "selling_price": 12.99, "price_per_unit": 0.0, "breadcrumbs": "Katze > Katzenfutter > Trockenfutter", "description": "Hoher frischer Fleischanteil Ohne Getreide & Zuckerzusätze Mit Prä- & Probiotika - unterstützt eine gesunde Verdauung"}
{"url": "https://www.fressnapf.de/p/chronobalance-spirulina-pulver-100-g-1410911/", "product_name": "ChronoBalance Spirulina Pulver 100 g", "brand": "ChronoBalance Ergänzungsfutter & Aufzucht", "regular_price": 0.0, "selling_price": 14.19, "price_per_unit": 0.0, "breadcrumbs": "Katze > Katzenfutter > Ergänzungsfutter & Aufzucht", "description": "100% rein natürlich aus der Mikroalge (Cyanobakterien) reich an Vitaminen, Mineralstoffen, Spurenelementen, Eiweiß und Eisen enthält Vitamin B12 und ß-Carotin und unterstützt der Stoffwechselvorgänge"}
{"url": "https://www.fressnapf.de/p/medicat-ulmenrinde-paste-1480521/", "product_name": "MediCat Ulmenrinde Paste", "brand": "MediCat Ergänzungsfutter & Aufzucht", "regular_price": 0.0, "selling_price": 18.95, "price_per_unit": 0.0, "breadcrumbs": "Katze > Katzenfutter > Ergänzungsfutter & Aufzucht", "description": "Unterstützt und schützt die natürliche Darmfunktion Gesunder Magen - glückliche Katze Mit Liebe hergestellt"}
{"url": "https://www.fressnapf.de/p/fellicita-rind-pur-fuer-kitten-6x-400g-1451598/", "product_name": "Fellicita Rind pur für Kitten 6x 400g", "brand": "Fellicita Nassfutter", "regular_price": 0.0, "selling_price": 20.73, "price_per_unit": 0.0, "breadcrumbs": "Katze > Katzenfutter > Nassfutter", "description": "Monoprotein – Nur eine Fleischsorte Rezepturen aus tierärztlicher Feder - bedarfsgerechte Nährstoffversorgung getreidefrei, ohne künstliche Aroma-, Farb- und Konservierungsstoffe"}
{"url": "https://www.fressnapf.de/p/tjure-ulmenrinde-liquid-250-ml-1450212/", "product_name": "Tjure Ulmenrinde Liquid 250 ml", "brand": "Tjure Ergänzungsfutter & Aufzucht", "regular_price": 0.0, "selling_price": 20.99, "price_per_unit": 0.0, "breadcrumbs": "Hund > Hundefutter > Ergänzungsfutter & Aufzucht", "description": "Harmonisierung der Magen-Darmtätigkeit Unterstützt einen gereizten Magen-Darm-Trakt Lindert Atemwegsprobleme"}
{"url": "https://www.fressnapf.de/p/fellicita-mixpaket-nr-5-monoprotein-6x-400g-1478422/", "product_name": "Fellicita Mixpaket Nr. 5 Monoprotein 6x 400g", "brand": "Fellicita Nassfutter", "regular_price": 0.0, "selling_price": 23.25, "price_per_unit": 0.0, "breadcrumbs": "Katze > Katzenfutter > Nassfutter", "description": "3 leckere Monoprotein-Sorten in einem Mixpack Rezepturen aus tierärztlicher Feder - bedarfsgerechte Nährstoffversorgung getreidefrei, ohne künstliche Aroma-, Farb- und Konservierungsstoffe"}
{"url": "https://www.fressnapf.de/p/fellicita-gefluegel--gefluegelherzen-12x-95g-frischebeutel-1451601/", "product_name": "Fellicita Geflügel & Geflügelherzen 12x 95g Frischebeutel", "brand": "Fellicita Nassfutter", "regular_price": 0.0, "selling_price": 23.81, "price_per_unit": 0.0, "breadcrumbs": "Katze > Katzenfutter > Nassfutter", "description": "Multiprotein – Mix aus mehreren Fleischsorten Rezepturen aus tierärztlicher Feder - bedarfsgerechte Nährstoffversorgung getreidefrei, ohne künstliche Aroma-, Farb- und Konservierungsstoffe"}
{"url": "https://www.fressnapf.de/p/fortan-glykan-pulver-mit-gruenlippmuschel-300-g-1428474/", "product_name": "Fortan Glykan Pulver mit Grünlippmuschel 300 g", "brand": "Fortan Ergänzungsfutter & Aufzucht", "regular_price": 0.0, "selling_price": 25.0, "price_per_unit": 0.0, "breadcrumbs": "Hund > Hundefutter > Ergänzungsfutter & Aufzucht", "description": "Mit 20 % Grünlippmuschelextrakt Mit 35 % Collagen Nährstoffe für Knorpel, Bänder und Gelenkschmiere"}
{"url": "https://www.fressnapf.de/p/dr-hoelter-heparvet-40-g-1421241/", "product_name": "Dr. Hölter Heparvet 40 g", "brand": "Dr. Hölter Ergänzungsfutter & Aufzucht", "regular_price": 0.0, "selling_price": 10.9, "price_per_unit": 0.0, "breadcrumbs": "Hund > Hundefutter > Ergänzungsfutter & Aufzucht", "description": "Natürliche Unterstützung der Leber sehr gut akzeptiertes Kurkuma (nicht scharf) Omega-3-Fettsäuren aus Kaltwasserfischen"}
{"url": "https://www.fressnapf.de/p/aniforte-bachblueten-no-6-cherry-plum-1480467/", "product_name": "AniForte Bachblüten No. 6 Cherry Plum", "brand": "AniForte Ergänzungsfutter & Aufzucht", "regular_price": 0.0, "selling_price": 15.99, "price_per_unit": 0.0, "breadcrumbs": "Hund > Hundefutter > Ergänzungsfutter & Aufzucht", "description": "Bei unterdrückten Ängsten Gegen unkontrollierte Reaktionen & Wut Tierarztbesuch, Reisen, Unruhe & Lärm"}
{"url": "https://www.fressnapf.de/p/fortan-taurinetten-tabletten-mit-300-mg-taurin-90-g-1477458/", "product_name": "Fortan Taurinetten Tabletten mit 300 mg Taurin 90 g", "brand": "Fortan Ergänzungsfutter & Aufzucht", "regular_price": 0.0, "selling_price": 16.4, "price_per_unit": 0.0, "breadcrumbs": "Hund > Hundefutter > Ergänzungsfutter & Aufzucht", "description": "Taurin unterstützt die Netzhaut und das Sehvermögen Taurin kann das Herz stärken Taurin wirkt sich positiv auf den Alterungsprozess aus"}
{"url": "https://www.fressnapf.de/p/fortan-cervico-pulver-mit-biotin-300-g-1428468/", "product_name": "Fortan Cervico Pulver mit Biotin 300 g", "brand": "Fortan Ergänzungsfutter & Aufzucht", "regular_price": 0.0, "selling_price": 18.45, "price_per_unit": 0.0, "breadcrumbs": "Hund > Hundefutter > Ergänzungsfutter & Aufzucht", "description": "Biotin – kombiniert mit den Vitaminen B1 + B12, für Fell und Krallen Mit MSM und Zink für gesunde Haut und glänzendes Fell Glycin und Glutamin erhöhen Muskelkraft und -ausdauer"}
{"url": "https://www.fressnapf.de/p/fellicita-multipack-5-sorten-5x-295-g-1486617/", "product_name": "Fellicita Multipack 5 Sorten 5x 295 g", "brand": "Fellicita Nassfutter", "regular_price": 0.0, "selling_price": 20.0, "price_per_unit": 0.0, "breadcrumbs": "Katze > Katzenfutter > Nassfutter", "description": "5 leckere Sorten in einem Multipack Rezepturen aus tierärztlicher Feder - bedarfsgerechte Nährstoffversorgung getreidefrei, ohne künstliche Aroma-, Farb- und Konservierungsstoffe"}
{"url": "https://www.fressnapf.de/p/fellicita-ente-pur-6x-400g-1451617/", "product_name": "Fellicita Ente pur 6x 400g", "brand": "Fellicita Nassfutter", "regular_price": 0.0, "selling_price": 24.51, "price_per_unit": 0.0, "breadcrumbs": "Katze > Katzenfutter > Nassfutter", "description": "Monoprotein – Nur eine Fleischsorte Rezepturen aus tierärztlicher Feder - bedarfsgerechte Nährstoffversorgung getreidefrei, ohne künstliche Aroma-, Farb- und Konservierungsstoffe"}
{"url": "https://www.fressnapf.de/p/fellicita-huhn-pute--gans-12x-95g-frischebeutel-1451611/", "product_name": "Fellicita Huhn, Pute & Gans 12x 95g Frischebeutel", "brand": "Fellicita Nassfutter", "regular_price": 0.0, "selling_price": 25.83, "price_per_unit": 0.0, "breadcrumbs": "Katze > Katzenfutter > Nassfutter", "description": "Multiprotein – Mix aus drei Fleischsorten Rezepturen aus tierärztlicher Feder - bedarfsgerechte Nährstoffversorgung getreidefrei, ohne künstliche Aroma-, Farb- und Konservierungsstoffe"}
{"url": "https://www.fressnapf.de/p/moments-soft-rolls-6x4x10g-huhn--kaese-1480514/", "product_name": "MOMENTS Soft Rolls 6x4x10g Huhn & Käse", "brand": "MOMENTS Snacks", "regular_price": 0.0, "selling_price": 14.94, "price_per_unit": 0.0, "breadcrumbs": "Katze > Katzenfutter > Snacks", "description": "ab einem Alter von 6 Monaten hohem Anteil an feinem Hühnerfilet, gefüllt mit einer leckeren Creme. ideal zum Verstecken von Tabletten, um Medikamente leicht zu verabreichen"}
{"url": "https://www.fressnapf.de/p/aniforte-bachblueten-gewitter--silvester-1332846/", "product_name": "AniForte Bachblüten Gewitter & Silvester", "brand": "AniForte Ergänzungsfutter & Aufzucht", "regular_price": 0.0, "selling_price": 15.99, "price_per_unit": 0.0, "breadcrumbs": "Hund > Hundefutter > Ergänzungsfutter & Aufzucht", "description": "Natürliche & pflanzliche Inhaltsstoffen In Deutschland hergestellt Nach alter, traditioneller Rezeptur"}
{"url": "https://www.fressnapf.de/p/aniforte-barf-line-gemahlene-knochen-vom-rind-500-g-1477960/", "product_name": "AniForte BARF-Line Gemahlene Knochen vom Rind 500 g", "brand": "AniForte Ergänzungsfutter & Aufzucht", "regular_price": 0.0, "selling_price": 17.99, "price_per_unit": 0.0, "breadcrumbs": "Hund > Hundefutter > Ergänzungsfutter & Aufzucht", "description": "Unterstützt Gelenke & Knochen Natürliche Calciumquelle Versorgt mit essentiellen Mineralstoffen"}
{"url": "https://www.fressnapf.de/p/fellicita-meeresfruechte-seelachs--rind-12x-95g-frischebeutel-1451603/", "product_name": "Fellicita Meeresfrüchte, Seelachs & Rind 12x 95g Frischebeutel", "brand": "Fellicita Nassfutter", "regular_price": 0.0, "selling_price": 23.81, "price_per_unit": 0.0, "breadcrumbs": "Katze > Katzenfutter > Nassfutter", "description": "Multiprotein – Mix aus mehreren Proteinsorten Rezepturen aus tierärztlicher Feder - bedarfsgerechte Nährstoffversorgung getreidefrei, ohne künstliche Aroma-, Farb- und Konservierungsstoffe"}
{"url": "https://www.fressnapf.de/p/fellicita-damwild-12x-95-g-frischebeutel-1468603/", "product_name": "Fellicita Damwild 12x 95 g Frischebeutel", "brand": "Fellicita Nassfutter", "regular_price": 0.0, "selling_price": 25.83, "price_per_unit": 0.0, "breadcrumbs": "Katze > Katzenfutter > Nassfutter", "description": "Monoprotein – Nur eine Fleischsorte Rezepturen aus tierärztlicher Feder - bedarfsgerechte Nährstoffversorgung getreidefrei, ohne künstliche Aroma-, Farb- und Konservierungsstoffe"}
{"url": "https://www.fressnapf.de/p/fortan-plu-fortan-protect-tabletten-mit-msm-350-g-1428475/", "product_name": "Fortan Plu-Fortan Protect Tabletten mit MSM 350 g", "brand": "Fortan Ergänzungsfutter & Aufzucht", "regular_price": 0.0, "selling_price": 53.95, "price_per_unit": 0.0, "breadcrumbs": "Hund > Hundefutter > Ergänzungsfutter & Aufzucht", "description": "Regulierung und Stabilisierung des Gelenkstoffwechsels Glucosamin lindert Gelenkschmerz und Entzündung MSM zur Bildung von Collagen"}
{"url": "https://www.fressnapf.de/p/favly-petfood-pure-bites-lamm-360-g-1474004/", "product_name": "FAVLY Petfood PURE Bites Lamm 360 g", "brand": "FAVLY Petfood Snacks", "regular_price": 0.0, "selling_price": 22.9, "price_per_unit": 0.0, "breadcrumbs": "Hund > Hundefutter > Snacks", "description": "beste Akzeptanz durch hohen Fleischanteil perfekt zum Training - fetten & bröseln nicht getreidefrei & frei von Zusätzen"}
{"url": "https://www.fressnapf.de/p/fellicita-damwild-6x-295-g-frischebeutel-1451620/", "product_name": "Fellicita Damwild 6x 295 g Frischebeutel", "brand": "Fellicita Nassfutter", "regular_price": 0.0, "selling_price": 24.26, "price_per_unit": 0.0, "breadcrumbs": "Katze > Katzenfutter > Nassfutter", "description": "Monoprotein – Nur eine Fleischsorte Rezepturen aus tierärztlicher Feder - bedarfsgerechte Nährstoffversorgung getreidefrei, ohne künstliche Aroma-, Farb- und Konservierungsstoffe"}
{"url": "https://www.fressnapf.de/p/dr-hoelter-curcudoc-kurkuma-pulver-40-g-1421239/", "product_name": "Dr. Hölter CurcuDoc Kurkuma Pulver 40 g", "brand": "Dr. Hölter Ergänzungsfutter & Aufzucht", "regular_price": 0.0, "selling_price": 19.9, "price_per_unit": 0.0, "breadcrumbs": "Hund > Hundefutter > Ergänzungsfutter & Aufzucht", "description": "Kurkuma für Hunde besonders gut verträglich und sehr gut akzeptiert hoch bioverfügbar"}
{"url": "https://www.fressnapf.de/p/fellicita-mixpaket-nr-6-multiprotein-6x-400g-1478251/", "product_name": "Fellicita Mixpaket Nr. 6 Multiprotein 6x 400g", "brand": "Fellicita Nassfutter", "regular_price": 0.0, "selling_price": 20.73, "price_per_unit": 0.0, "breadcrumbs": "Katze > Katzenfutter > Nassfutter", "description": "3 leckere Multiprotein-Sorten in einem Mixpack Rezepturen aus tierärztlicher Feder - bedarfsgerechte Nährstoffversorgung getreidefrei, ohne künstliche Aroma-, Farb- und Konservierungsstoffe"}
{"url": "https://www.fressnapf.de/p/fortan-seealgen-pulver-900-g-1447181/", "product_name": "Fortan Seealgen Pulver 900 g", "brand": "Fortan Ergänzungsfutter & Aufzucht", "regular_price": 0.0, "selling_price": 11.45, "price_per_unit": 0.0, "breadcrumbs": "Hund > Hundefutter > Ergänzungsfutter & Aufzucht", "description": "Natürliche Jodquelle Unterstützt die Verdauung Fördert die Pigmentierung von Fell, Nase und Pfoten"}
{"url": "https://www.fressnapf.de/p/fellicita-gefluegel--gefluegelherzen-6x-295g-frischebeutel-1451602/", "product_name": "Fellicita Geflügel & Geflügelherzen 6x 295g Frischebeutel", "brand": "Fellicita Nassfutter", "regular_price": 0.0, "selling_price": 23.63, "price_per_unit": 0.0, "breadcrumbs": "Katze > Katzenfutter > Nassfutter", "description": "Multiprotein – Mix aus mehreren Fleischsorten Rezepturen aus tierärztlicher Feder - bedarfsgerechte Nährstoffversorgung getreidefrei, ohne künstliche Aroma-, Farb- und Konservierungsstoffe"}
{"url": "https://www.fressnapf.de/p/fortan-keimoel-plus-mit-gamma-linolen-500-ml-1452899/", "product_name": "Fortan Keimöl plus mit Gamma-Linolen 500 ml", "brand": "Fortan Ergänzungsfutter & Aufzucht", "regular_price": 0.0, "selling_price": 26.0, "price_per_unit": 0.0, "breadcrumbs": "Hund > Hundefutter > Ergänzungsfutter & Aufzucht", "description": "Maiskeimöl, 20 % Nachtkerzenöl, Leinöl, Sesamöl, Dorschleberöl Mit den natürlichen Vitaminen A, D und E Vermeidet ernährungsbedingte Allergien, verbessert Haut- und Fellzustand"}
{"url": "https://www.fressnapf.de/p/fellicita-hering-krabben--huhn-6x-800g-1451607/", "product_name": "Fellicita Hering, Krabben & Huhn 6x 800g", "brand": "Fellicita Nassfutter", "regular_price": 0.0, "selling_price": 31.44, "price_per_unit": 0.0, "breadcrumbs": "Katze > Katzenfutter > Nassfutter", "description": "Multiprotein – Mix aus mehreren Proteinsorten Rezepturen aus tierärztlicher Feder - bedarfsgerechte Nährstoffversorgung getreidefrei, ohne künstliche Aroma-, Farb- und Konservierungsstoffe"}
{"url": "https://www.fressnapf.de/p/fortan-glykan-compact-tabletten-400-g-1439340/", "product_name": "Fortan Glykan Compact Tabletten 400 g", "brand": "Fortan Ergänzungsfutter & Aufzucht", "regular_price": 0.0, "selling_price": 53.0, "price_per_unit": 0.0, "breadcrumbs": "Hund > Hundefutter > Ergänzungsfutter & Aufzucht", "description": "Mit 40 % Grünlippmuschel (hoher Gehalt an Glycosaminoglykanen) Mit 8,4 % Collagen Nährstoffe für Knorpel, Bänder und Gelenkschmiere"}
{"url": "https://www.fressnapf.de/p/fortan-carni-fortan-pulver-mit-l-carnitin-80-g-1448197/", "product_name": "Fortan Carni-Fortan Pulver mit L-Carnitin 80 g", "brand": "Fortan Ergänzungsfutter & Aufzucht", "regular_price": 0.0, "selling_price": 13.0, "price_per_unit": 0.0, "breadcrumbs": "Hund > Hundefutter > Ergänzungsfutter & Aufzucht", "description": "Vitalisierendes L-Carnitin, Taurin, Vitamin E und C Wirkstoffe für den optimalen Energiestoffwechsel"}
{"url": "https://www.fressnapf.de/p/cdvet-singulares-kollagen-250-g-1410704/", "product_name": "cdVet Singulares Kollagen 250 g", "brand": "cdVet Ergänzungsfutter & Aufzucht", "regular_price": 0.0, "selling_price": 20.95, "price_per_unit": 0.0, "breadcrumbs": "Hund > Hundefutter > Ergänzungsfutter & Aufzucht", "description": "100% hydrolisiertem Schweinekollagen Kann Gelenke stärken und ihre Widerstandsfähigkeit erhöhen Ohne Füllstoffe, Geschmacksverstärker und synthetische Zusatzstoffe"}
{"url": "https://www.fressnapf.de/p/fit-barf-futteroel-500ml-100-ml-1670639/", "product_name": "Fit-BARF Futteröl 500ml 100 ml", "brand": "Fit-BARF Ergänzungsfutter & Aufzucht", "regular_price": 0.0, "selling_price": 12.95, "price_per_unit": 0.0, "breadcrumbs": "Hund > Hundefutter > Ergänzungsfutter & Aufzucht", "description": "Zur optimalen Versorgung mit essentiellen Fettsäuren Omega-3-Fettsäuren fördern die Regulierung der Blutfette und unterstützen die Herzgesundheit Enthält natives kaltgepresstes Leinöl mit einem hohem Anteil an Omega 3 Fettsäuren"}
{"url": "https://www.fressnapf.de/p/fellicita-rind--ente-6x-400g-1451616/", "product_name": "Fellicita Rind & Ente 6x 400g", "brand": "Fellicita Nassfutter", "regular_price": 0.0, "selling_price": 22.62, "price_per_unit": 0.0, "breadcrumbs": "Katze > Katzenfutter > Nassfutter", "description": "Multiprotein – Mix aus zwei Fleischsorten Rezepturen aus tierärztlicher Feder - bedarfsgerechte Nährstoffversorgung getreidefrei, ohne künstliche Aroma-, Farb- und Konservierungsstoffe"}
{"url": "https://www.fressnapf.de/p/fellicita-angusrind--kaninchen-6x-295g-frischebeutel-1451621/", "product_name": "Fellicita Angusrind & Kaninchen 6x 295g Frischebeutel", "brand": "Fellicita Nassfutter", "regular_price": 0.0, "selling_price": 24.26, "price_per_unit": 0.0, "breadcrumbs": "Katze > Katzenfutter > Nassfutter", "description": "Multiprotein – Mix aus zwei Fleischsorten Rezepturen aus tierärztlicher Feder - bedarfsgerechte Nährstoffversorgung getreidefrei, ohne künstliche Aroma-, Farb- und Konservierungsstoffe"}
{"url": "https://www.fressnapf.de/p/cdvet-micromineral-hund--katze-1042478/", "product_name": "cdVet MicroMineral Hund & Katze", "brand": "cdVet Ergänzungsfutter & Aufzucht", "regular_price": 0.0, "selling_price": 28.95, "price_per_unit": 0.0, "breadcrumbs": "Hund > Hundefutter > Ergänzungsfutter & Aufzucht", "description": "Zur täglichen Versorgung mit Mineralstoffen, Vitaminen und Spurenelementen Ohne Füllstoffe, Geschmacksverstärker und synthetische Zusatzstoffe Unterstützt die physiologischen Organfunktionen und Stoffwechselvorgänge"}
{"url": "https://www.fressnapf.de/p/favly-petfood-rinderpansen-1-kg-1475220/", "product_name": "FAVLY Petfood Rinderpansen 1 kg", "brand": "FAVLY Petfood Snacks", "regular_price": 0.0, "selling_price": 29.9, "price_per_unit": 0.0, "breadcrumbs": "Hund > Hundefutter > Snacks", "description": "gut für die Mund- und Zahnhygiene luftgetrocknet ohne chemische Zusätze frischer & natürlicher Geruch"}
{"url": "https://www.fressnapf.de/p/cdvet-seniorcat-70-g-1060128/", "product_name": "cdVet SeniorCat 70 g", "brand": "cdVet Ergänzungsfutter & Aufzucht", "regular_price": 0.0, "selling_price": 17.95, "price_per_unit": 0.0, "breadcrumbs": "Katze > Katzenfutter > Ergänzungsfutter & Aufzucht", "description": "Für ältere oder rekonvaleszente Katzen Wichtige Vitamine, Spurenelemente, Aminosäuren und Flavonoiden Sorgt für die Extraportion Vitamin E und Eisen"}
{"url": "https://www.fressnapf.de/p/cdvet-biobachblueten-angst-20ml-1290298/", "product_name": "cdVet BioBachblüten Angst 20ml", "brand": "cdVet Ergänzungsfutter & Aufzucht", "regular_price": 0.0, "selling_price": 14.95, "price_per_unit": 0.0, "breadcrumbs": "Hund > Hundefutter > Ergänzungsfutter & Aufzucht", "description": "Schonend verarbeitete Bachblüten ohne Alkohol und ohne Zucker - mit nativem Bio - Nachtkerzenöl als Grundlage Verträglich bei: Angst vor bestimmten Geräuschen, anderen Hunden, Menschen oder vor neuen Dingen oder aufgrund schlechter Erfahrung Deutsches Qualitätsprodukt direkt vom Hersteller - mit bewährter Rezeptur und besonders bekömmlich"}
{"url": "https://www.fressnapf.de/p/cdvet-bio-bachblueten-sos-20ml-1191484/", "product_name": "cdVet Bio-Bachblüten SOS 20ml", "brand": "cdVet Ergänzungsfutter & Aufzucht", "regular_price": 0.0, "selling_price": 14.95, "price_per_unit": 0.0, "breadcrumbs": "Hund > Hundefutter > Ergänzungsfutter & Aufzucht", "description": "Schonend verarbeitete Bachblüten ohne Alkohol und ohne Zucker - mit nativem Bio - Nachtkerzenöl als Grundlage Verträglich bei: Knurren und Verteidigung von Futter, Spielzeug und Revier. Hört kaum, will die Rangordnung selber festlegen und Möbel besetzen Deutsches Qualitätsprodukt direkt vom Hersteller - mit bewährter Rezeptur und besonders bekömmlich"}
{"url": "https://www.fressnapf.de/p/fellicita-hering-krabben--huhn-6x-400g-1451606/", "product_name": "Fellicita Hering, Krabben & Huhn 6x 400g", "brand": "Fellicita Nassfutter", "regular_price": 0.0, "selling_price": 20.73, "price_per_unit": 0.0, "breadcrumbs": "Katze > Katzenfutter > Nassfutter", "description": "Multiprotein – Mix aus mehreren Proteinsorten Rezepturen aus tierärztlicher Feder - bedarfsgerechte Nährstoffversorgung getreidefrei, ohne künstliche Aroma-, Farb- und Konservierungsstoffe"}
{"url": "https://www.fressnapf.de/p/fellicita-pute--forelle-6x-400g-1451619/", "product_name": "Fellicita Pute & Forelle 6x 400g", "brand": "Fellicita Nassfutter", "regular_price": 0.0, "selling_price": 20.73, "price_per_unit": 0.0, "breadcrumbs": "Katze > Katzenfutter > Nassfutter", "description": "Multiprotein – Mix aus einer Fleisch- und einer Fischsorte Rezepturen aus tierärztlicher Feder - bedarfsgerechte Nährstoffversorgung getreidefrei, ohne künstliche Aroma-, Farb- und Konservierungsstoffe"}
{"url": "https://www.fressnapf.de/p/fellicita-huhn-pute--gans-6x-295g-frischebeutel-1451612/", "product_name": "Fellicita Huhn, Pute & Gans 6x 295g Frischebeutel", "brand": "Fellicita Nassfutter", "regular_price": 0.0, "selling_price": 24.26, "price_per_unit": 0.0, "breadcrumbs": "Katze > Katzenfutter > Nassfutter", "description": "Multiprotein – Mix aus drei Fleischsorten Rezepturen aus tierärztlicher Feder - bedarfsgerechte Nährstoffversorgung getreidefrei, ohne künstliche Aroma-, Farb- und Konservierungsstoffe"}
{"url": "https://www.fressnapf.de/p/fellicita-angusrind--kaninchen-12x-95g-frischebeutel-1426549/", "product_name": "Fellicita Angusrind & Kaninchen 12x 95g Frischebeutel", "brand": "Fellicita Nassfutter", "regular_price": 0.0, "selling_price": 25.83, "price_per_unit": 0.0, "breadcrumbs": "Katze > Katzenfutter > Nassfutter", "description": "Multiprotein – Mix aus zwei Fleischsorten Rezepturen aus tierärztlicher Feder - bedarfsgerechte Nährstoffversorgung getreidefrei, ohne künstliche Aroma-, Farb- und Konservierungsstoffe"}
{"url": "https://www.fressnapf.de/p/fit-barf-micromineral-150-g-1687098/", "product_name": "Fit-BARF Micromineral 150 g", "brand": "Fit-BARF Ergänzungsfutter & Aufzucht", "regular_price": 0.0, "selling_price": 13.95, "price_per_unit": 0.0, "breadcrumbs": "Hund > Hundefutter > Ergänzungsfutter & Aufzucht", "description": "Wichtige Vitamine, Spurenelemente, Aminosäuren und ausgesuchte Kräuter Rein natürliches Mineralergänzungsfuttermittel mit hoher Bioverfügbarkeit Deutsches Qualitätsprodukt direkt vom Hersteller"}
{"url": "https://www.fressnapf.de/p/cdvet-micromineral-hund--katze-150-g-1061238/", "product_name": "cdVet MicroMineral Hund & Katze 150 g", "brand": "cdVet Ergänzungsfutter & Aufzucht", "regular_price": 0.0, "selling_price": 13.95, "price_per_unit": 0.0, "breadcrumbs": "Hund > Hundefutter > Ergänzungsfutter & Aufzucht", "description": "Zur täglichen Versorgung mit Mineralstoffen, Vitaminen und Spurenelementen Ohne Füllstoffe, Geschmacksverstärker und synthetische Zusatzstoffe Unterstützt die physiologischen Organfunktionen und Stoffwechselvorgänge"}
{"url": "https://www.fressnapf.de/p/cdvet-bio-bachblueten-stress-20ml-1290299/", "product_name": "cdVet Bio-Bachblüten Stress 20ml", "brand": "cdVet Ergänzungsfutter & Aufzucht", "regular_price": 0.0, "selling_price": 14.95, "price_per_unit": 0.0, "breadcrumbs": "Hund > Hundefutter > Ergänzungsfutter & Aufzucht", "description": "Schonend verarbeitete Bachblüten ohne Alkohol und ohne Zucker - mit nativem Bio-Nachtkerzenöl als Grundlage Verträglich bei: Stress, Panik, Silvester, tragisches Ereignis, Verlust, Tierarztbesuch Deutsches Qualitätsprodukt direkt vom Hersteller - mit bewährter Rezeptur und besonders bekömmlich"}
{"url": "https://www.fressnapf.de/p/singulares-ulmenrinde-europaeisch-1642906/", "product_name": "Singulares Ulmenrinde (europäisch)", "brand": "Singulares Ergänzungsfutter & Aufzucht", "regular_price": 0.0, "selling_price": 19.95, "price_per_unit": 0.0, "breadcrumbs": "Hund > Hundefutter > Ergänzungsfutter & Aufzucht", "description": "Enthält natürliche Bitter- und Gerbstoffe, welche positiv auf die Darmperistaltik einwirken können Zur ernährungsbedingten Regulation bei Verdauungsbeschwerden und natürlichen Unterstützung der Darmflora Einzelfuttermittel für Tiere aus 100% reiner Ulmenrinde von europäischen Ulmenarten"}
{"url": "https://www.fressnapf.de/p/fellicita-mixpaket-nr-8-fuer-kitten-6x-400g-1478423/", "product_name": "Fellicita Mixpaket Nr. 8 für Kitten 6x 400g", "brand": "Fellicita Nassfutter", "regular_price": 0.0, "selling_price": 20.73, "price_per_unit": 0.0, "breadcrumbs": "Katze > Katzenfutter > Nassfutter", "description": "2 leckere Sorten für Kitten Rezepturen aus tierärztlicher Feder - bedarfsgerechte Nährstoffversorgung getreidefrei, ohne künstliche Aroma-, Farb- und Konservierungsstoffe"}
{"url": "https://www.fressnapf.de/p/fit-barf-mineral-300-g-1061239/", "product_name": "Fit-BARF Mineral 300 g", "brand": "Fit-BARF Ergänzungsfutter & Aufzucht", "regular_price": 0.0, "selling_price": 16.95, "price_per_unit": 0.0, "breadcrumbs": "Hund > Hundefutter > Ergänzungsfutter & Aufzucht", "description": "Wichtige Vitamine, Spurenelemente, Aminosäuren und ausgesuchte Kräuter Rein natürliche Kalziumquelle aus Eierschalen und Algenkalk Mit hoher Bioverfügbarkeit"}
{"url": "https://www.fressnapf.de/p/fortan-cervicorn-barf-zusatz-600-g-1428470/", "product_name": "Fortan CERVICORN BARF Zusatz 600 g", "brand": "Fortan Ergänzungsfutter & Aufzucht", "regular_price": 0.0, "selling_price": 21.4, "price_per_unit": 0.0, "breadcrumbs": "Hund > Hundefutter > Ergänzungsfutter & Aufzucht", "description": "Reine Knochensubstanz von Hirschgeweihen Erhaltung von Knochen- und Skelettsubstanz durch natürliche Mineralstoffe Biologische Calcium-Phosphor-Versorgung"}
{"url": "https://www.fressnapf.de/p/fit-barf-algenkalk-250-g-1667844/", "product_name": "Fit-BARF Algenkalk 250 g", "brand": "Fit-BARF Ergänzungsfutter & Aufzucht", "regular_price": 0.0, "selling_price": 13.95, "price_per_unit": 0.0, "breadcrumbs": "Hund > Hundefutter > Ergänzungsfutter & Aufzucht", "description": "Einzelfuttermittel zur optimalen Versorgung mit natürlichem Kalzium Kalzium trägt zur Knochengesundheit sowie der Mineralisierung und Knochendichte bei Für die individuelle Zusammenstellung des Speiseplanes Ihres Tieres"}
{"url": "https://www.fressnapf.de/p/singulares-lachsoel-1666311/", "product_name": "Singulares Lachsöl", "brand": "Singulares Ergänzungsfutter & Aufzucht", "regular_price": 0.0, "selling_price": 13.95, "price_per_unit": 0.0, "breadcrumbs": "Hund > Hundefutter > Ergänzungsfutter & Aufzucht", "description": "Einzelfuttermittel für Tiere aus 100% nativem Lachsöl Ideal als Ergänzung beim Barfen Natürlich Quelle für Omega-3-Fettsäuren"}
{"url": "https://www.fressnapf.de/p/chronobalance-chlorella-pulver-100-g-1491193/", "product_name": "ChronoBalance Chlorella Pulver 100 g", "brand": "ChronoBalance Ergänzungsfutter & Aufzucht", "regular_price": 0.0, "selling_price": 15.27, "price_per_unit": 0.0, "breadcrumbs": "Katze > Katzenfutter > Ergänzungsfutter & Aufzucht", "description": "Chlorella ist reich an Nährstoffen wie Vitaminen, Mineralien und Antioxidantien, die das Wohlbefinden Ihrer Katze stärken können. Die Alge kann die Beschaffenheit der Haut und des Fells verbessern und die Verdauung unterstützen. Chlorella kann dazu beitragen, den Körper Ihrer Katze von innen zu reinigen."}
{"url": "https://www.fressnapf.de/p/arthrogreen-collagen-130-g-1662610/", "product_name": "ArthroGreen Collagen 130 g", "brand": "ArthroGreen Ergänzungsfutter & Aufzucht", "regular_price": 0.0, "selling_price": 19.95, "price_per_unit": 0.0, "breadcrumbs": "Hund > Hundefutter > Ergänzungsfutter & Aufzucht", "description": "Mit über 65 % natürlichem Kollagen, neuseeländischer grünlippiger Zuchtmuschel und Teufelskralle Enthält Nährstoffe zur Versorgung von Muskeln und Sehnen und Bindegewebe Natürliches Ergänzungsfuttermittel zur Unterstützung der Gelenke von Hunden und Katzen"}
{"url": "https://www.fressnapf.de/p/felitatz-wk-mix-25g-12-g-1670722/", "product_name": "feliTATZ WK-Mix 25g 12 g", "brand": "feliTATZ Ergänzungsfutter & Aufzucht", "regular_price": 0.0, "selling_price": 13.95, "price_per_unit": 0.0, "breadcrumbs": "Katze > Katzenfutter > Ergänzungsfutter & Aufzucht", "description": "Natürliche Kräuter schaffen ein wurmfeindliches Darmmillieu Reich an Saponinen, Bitterstoffen und Gerbstoffen 100% natürliche Inhaltsstoffe"}
{"url": "https://www.fressnapf.de/p/cdvet-nervennahrung-40-g-1411661/", "product_name": "cdVet Nervennahrung 40 g", "brand": "cdVet Ergänzungsfutter & Aufzucht", "regular_price": 0.0, "selling_price": 12.95, "price_per_unit": 0.0, "breadcrumbs": "Hund > Hundefutter > Ergänzungsfutter & Aufzucht", "description": "Vitamine, Mineralstoffe und sekundäre Pflanzenstoffe für ein gut funktionierendes Nervensystem Kräutern haben einen positiven Einfluß auf antioxidativen Stress und wirken sich auf die Nahrungsaufnahme und Verdauung aus Mit Nährstoffen für eine bessere Entspannung und Nervenstärke"}
{"url": "https://www.fressnapf.de/p/fortan-rein-casein-1102561/", "product_name": "Fortan Rein-Casein", "brand": "Fortan Ergänzungsfutter & Aufzucht", "regular_price": 0.0, "selling_price": 23.5, "price_per_unit": 0.0, "breadcrumbs": "Hund > Hundefutter > Ergänzungsfutter & Aufzucht", "description": "Heranwachsende Welpen brauchen mehr Protein, damit sie wachsen können. Unterstützung der Hündin und damit der Welpen in der Säugephase. Hochwertiges Protein zur allgemeinen Kräftigung sowie Förderung der Genesung. Mehr Ausdauerleistung – durch stabilen Strom von Aminosäuren zu den Muskeln über einen längeren Zeitraum."}
{"url": "https://www.fressnapf.de/p/fellicita-meeresfruechte-seelachs--rind-6x-295g-frischebeutel-1451604/", "product_name": "Fellicita Meeresfrüchte, Seelachs & Rind 6x 295g Frischebeutel", "brand": "Fellicita Nassfutter", "regular_price": 0.0, "selling_price": 23.63, "price_per_unit": 0.0, "breadcrumbs": "Katze > Katzenfutter > Nassfutter", "description": "Multiprotein – Mix aus mehreren Proteinsorten Rezepturen aus tierärztlicher Feder - bedarfsgerechte Nährstoffversorgung getreidefrei, ohne künstliche Aroma-, Farb- und Konservierungsstoffe"}
{"url": "https://www.fressnapf.de/p/singulares-kolostrum-pur-30-g-1290297/", "product_name": "Singulares Kolostrum pur 30 g", "brand": "Singulares Ergänzungsfutter & Aufzucht", "regular_price": 0.0, "selling_price": 16.95, "price_per_unit": 0.0, "breadcrumbs": "Hund > Hundefutter > Ergänzungsfutter & Aufzucht", "description": "Einzelfuttermittel für Tiere aus 100% reinem Kolostrum Einzigartig reich an Mineralien, Vitaminen, Spurenelementen und Aminosäuren Als Ergänzungsmilch zur Muttermilch oder als konzentrierte Ersatznahrung bei Rekonvaleszenz oder schlechter Futteraufnahme"}
{"url": "https://www.fressnapf.de/p/select-gold-oral-care-adult-gefluegel-und-lachs-300-g-1398438/", "product_name": "SELECT GOLD Oral Care Adult Geflügel und Lachs 300 g", "brand": "SELECT GOLD Trockenfutter", "regular_price": 0.0, "selling_price": 4.49, "price_per_unit": 0.0, "breadcrumbs": "Katze > Katzenfutter > Trockenfutter", "description": "Mit Hühnerfrischfleisch Zahnpflege Weizenfreie Rezeptur"}
{"url": "https://www.fressnapf.de/p/hills-science-plan-adult-light-huhn-3-kg-1324188/", "product_name": "Hill's Science Plan Adult Light Huhn 3 kg", "brand": "Hill's Trockenfutter", "regular_price": 34.99, "selling_price": 32.49, "price_per_unit": 10.83, "breadcrumbs": "Katze > Katzenfutter > Trockenfutter", "description": "Enthält weniger Fett und weniger Kalorien Hoher Fasergehalt für eine lang andauernde Sättigung Mit L-Carnitin, um Ihre Katze schlank und fit zu halten"}
{"url": "https://www.fressnapf.de/p/select-gold-senior-9-300-g-1407044/", "product_name": "SELECT GOLD Senior 9+ 300 g", "brand": "SELECT GOLD Trockenfutter", "regular_price": 0.0, "selling_price": 3.99, "price_per_unit": 0.0, "breadcrumbs": "Katze > Katzenfutter > Trockenfutter", "description": "Mit Hühnerfrischfleisch Nierenentlastung Weizenfreie Rezeptur"}
{"url": "https://www.fressnapf.de/p/premiere-kitten-creamy-crunch-mit-huhn--milch-6x60g-1475768/", "product_name": "PREMIERE Kitten Creamy Crunch mit Huhn & Milch 6x60g", "brand": "PREMIERE Snacks", "regular_price": 0.0, "selling_price": 7.74, "price_per_unit": 0.0, "breadcrumbs": "Katze > Katzenfutter > Snacks", "description": "Außen kross, innen cremig Weizenfreie Rezeptur, mit Vitamin E und Mineralstoffen Ohne Zusatz von Zucker, künstlichen Farb- und Aromastoffen"}
{"url": "https://www.fressnapf.de/p/doppelherz-haut--fell-complex-25x10g-1376242/", "product_name": "Doppelherz Haut & Fell Complex 25x10g", "brand": "Doppelherz Ergänzungsfutter & Aufzucht", "regular_price": 0.0, "selling_price": 14.99, "price_per_unit": 0.0, "breadcrumbs": "Katze > Katzenfutter > Ergänzungsfutter & Aufzucht", "description": "Zur Unterstützung der Hautfunktion bei Dermatose und übermäßigem Haarausfall\" Ohne Getreide und Zusatz von Zucker, Farb- und künstlichen Aromastoffen Für ein glänzendes Fell und zur Unterstützung der Hautgesundheit"}
{"url": "https://www.fressnapf.de/p/kittys-cuisine-kittys-cuisine-12x70g-1313382/", "product_name": "Kitty's Cuisine Kitty´s Cuisine 12x70g", "brand": "Kitty's Cuisine Nassfutter", "regular_price": 0.0, "selling_price": 16.68, "price_per_unit": 0.0, "breadcrumbs": "Katze > Katzenfutter > Nassfutter", "description": "Besondere Filet-Konsistenz Getreidefreie Rezeptur Mit Superfood wie z.B. Mango, Aronia-Beeren, Papaya oder Blaubeeren"}
{"url": "https://www.fressnapf.de/p/animonda-integra-protect-adult-urinary-struvitstein-300-g-1382802/", "product_name": "animonda Integra Protect Adult Urinary Struvitstein 300 g", "brand": "animonda", "regular_price": 8.89, "selling_price": 2.09, "price_per_unit": 6.41, "breadcrumbs": "PLP > VET Diäten > Katze > Urinary", "description": "beugt der erneuten Bildung von Struvitsteinen vor Harn-pH < 6,5 aufeinander abgestimmter Mineralstoffgehalt"}
{"url": "https://www.fressnapf.de/p/crave-multipack-mit-huhn-und-mit-thunfisch-60-x-85g-1390281/", "product_name": "CRAVE Multipack mit Huhn und mit Thunfisch 60 x 85g", "brand": "CRAVE Nassfutter", "regular_price": 0.0, "selling_price": 49.99, "price_per_unit": 0.0, "breadcrumbs": "Katze > Katzenfutter > Nassfutter", "description": "Mindestens 65% tierischer Zutaten Hoher Proteingehalt für eine starke und gesunde Muskulatur Ohne Zusatz von Getreide für eine sensible Verdauung"}
{"url": "https://www.fressnapf.de/p/cats-love-trocken-adult-lachs-2-kg-1394996/", "product_name": "CAT'S LOVE trocken Adult Lachs 2 kg", "brand": "CAT'S LOVE Trockenfutter", "regular_price": 0.0, "selling_price": 20.49, "price_per_unit": 0.0, "breadcrumbs": "Katze > Katzenfutter > Trockenfutter", "description": "OHNE Zucker OHNE Getreide OHNE Farb- & Konservierungsmittel"}
{"url": "https://www.fressnapf.de/p/cats-love-adult-mischfueterung-set-1-2tlg-1315804/", "product_name": "CAT'S LOVE Adult Mischfüterung Set 1 2tlg.", "brand": "CAT'S LOVE Trockenfutter", "regular_price": 0.0, "selling_price": 23.99, "price_per_unit": 0.0, "breadcrumbs": "Katze > Katzenfutter > Trockenfutter", "description": "Premium Alleinfuttermittel für ausgewachsene Katzen optimal an den Nährstoffbedarf Ihrer Katze angepasst. 100% natürlich und OHNE künstliche Farb- & Lockstoffe, Zuckerzusatz, Konservierungsmittel, Getreide, Gluten, Laktose, Tierversuche."}
{"url": "https://www.fressnapf.de/p/cats-love-adult-mischfuetterung-set-2-2tlg-1315805/", "product_name": "CAT'S LOVE Adult Mischfütterung Set 2 2tlg.", "brand": "CAT'S LOVE Trockenfutter", "regular_price": 0.0, "selling_price": 23.99, "price_per_unit": 0.0, "breadcrumbs": "Katze > Katzenfutter > Trockenfutter", "description": "Premium Alleinfuttermittel für ausgewachsene Katzen optimal an den Nährstoffbedarf Ihrer Katze angepasst. 100% natürlich und OHNE künstliche Farb- & Lockstoffe, Zuckerzusatz, Konservierungsmittel, Getreide, Gluten, Laktose, Tierversuche."}
{"url": "https://www.fressnapf.de/p/vetlife-farmina-natural-renal-12x85g-1380909/", "product_name": "VetLife Farmina Natural Renal 12x85g", "brand": "VetLife", "regular_price": 0.0, "selling_price": 23.99, "price_per_unit": 0.0, "breadcrumbs": "PLP > VET Diäten > Katze > Nierendiät", "description": "Ausschließlich natürliche Antioxidantien Natürliche Haltbarkeit Unterstützung der Nierenfunktion"}
{"url": "https://www.fressnapf.de/p/macs-shakery-10x60g-skin--coat-1359437/", "product_name": "MAC's Shakery 10x60g Skin & Coat", "brand": "MAC's Snacks", "regular_price": 0.0, "selling_price": 18.99, "price_per_unit": 0.0, "breadcrumbs": "Katze > Katzenfutter > Snacks", "description": "Schmackhafter Leckerbissen Außen knusprig, innen zart-cremige Füllung Haut- und Fellpflege"}
{"url": "https://www.fressnapf.de/p/mjamjam-mixpaket-8-adult-6-x-200g-1484556/", "product_name": "MjAMjAM Mixpaket 8 Adult 6 x 200g", "brand": "MjAMjAM Nassfutter", "regular_price": 11.54, "selling_price": 11.19, "price_per_unit": 18.65, "breadcrumbs": "Katze > Katzenfutter > Nassfutter", "description": "Hoher Fleischanteil Ohne Getreide Ohne Zuckerzusatz"}
{"url": "https://www.fressnapf.de/p/select-gold-hairskin-senior-gefluegel--lachs-300-g-1407040/", "product_name": "SELECT GOLD Hair+Skin Senior Geflügel & Lachs 300 g", "brand": "SELECT GOLD Trockenfutter", "regular_price": 0.0, "selling_price": 4.49, "price_per_unit": 0.0, "breadcrumbs": "Katze > Katzenfutter > Trockenfutter", "description": "Mit Hühnerfrischfleisch Glänzendes Fell & geschmeidige Haut Weizenfreie Rezeptur"}
{"url": "https://www.fressnapf.de/p/bozita-haeppchen-in-sauce-12x85g-rind-1391444/", "product_name": "BOZITA Häppchen in Sauce 12x85g Rind", "brand": "BOZITA Nassfutter", "regular_price": 0.0, "selling_price": 13.79, "price_per_unit": 0.0, "breadcrumbs": "Katze > Katzenfutter > Nassfutter", "description": "0% Getreide 100% mit erneuerbaren Energien und schwedischen Zutaten produziert kein Zucker, keine Farbstoffe, keine Konservierungsstoffe"}
{"url": "https://www.fressnapf.de/p/royal-canin-veterinary-skin--coat-feine-stueckchen-in-sosse-12x85-g-1321334/", "product_name": "ROYAL CANIN Veterinary Skin & Coat, feine Stückchen in Soße 12x85 g", "brand": "ROYAL CANIN", "regular_price": 0.0, "selling_price": 16.49, "price_per_unit": 0.0, "breadcrumbs": "PLP > VET Diäten > Katze > Haut & Fell", "description": "Stärkung der Hautbarriere Haut & Fell Antioxidantienkomplex"}
{"url": "https://www.fressnapf.de/p/lucky-lou-nassfutter-katze-adult-tasty-mix-box-6x125-g-1397013/", "product_name": "Lucky Lou Nassfutter Katze Adult Tasty Mix-Box 6x125 g", "brand": "Lucky Lou Nassfutter", "regular_price": 0.0, "selling_price": 7.99, "price_per_unit": 0.0, "breadcrumbs": "Katze > Katzenfutter > Nassfutter", "description": "Super bekömmliche Rezeptur Viel Fleisch, Innereien & Sud Made in Germany"}
{"url": "https://www.fressnapf.de/p/premiere-creamy-crunch-huhn--feige-6x60-g-1475769/", "product_name": "PREMIERE Creamy Crunch Huhn & Feige 6x60 g", "brand": "PREMIERE Snacks", "regular_price": 0.0, "selling_price": 7.74, "price_per_unit": 0.0, "breadcrumbs": "Katze > Katzenfutter > Snacks", "description": "Außen kross, innen cremig Weizenfreie Rezeptur, mit Vitamin E und Mineralstoffen Ohne Zusatz von Zucker, künstlichen Farb- und Aromastoffen"}
{"url": "https://www.fressnapf.de/p/select-gold-light-adult-gefluegel--reis-300-g-1407015/", "product_name": "SELECT GOLD Light Adult Geflügel & Reis 300 g", "brand": "SELECT GOLD Trockenfutter", "regular_price": 0.0, "selling_price": 4.49, "price_per_unit": 0.0, "breadcrumbs": "Katze > Katzenfutter > Trockenfutter", "description": "mit Hühnerfrischfleisch Längeres Sättigungsgefühl Weizenfreie Rezeptur"}
{"url": "https://www.fressnapf.de/p/select-gold-classic-fit-adult-huhn-300-g-1406938/", "product_name": "SELECT GOLD Classic Fit Adult Huhn 300 g", "brand": "SELECT GOLD Trockenfutter", "regular_price": 0.0, "selling_price": 3.99, "price_per_unit": 0.0, "breadcrumbs": "Katze > Katzenfutter > Trockenfutter", "description": "mit Hühnerfrischfleisch Optimale Nährstoffversorgung Weizenfreie Rezeptur"}
{"url": "https://www.fressnapf.de/p/select-gold-sterilised-senior-gefluegel--reis-300-g-1407021/", "product_name": "SELECT GOLD Sterilised Senior Geflügel & Reis 300 g", "brand": "SELECT GOLD Trockenfutter", "regular_price": 0.0, "selling_price": 4.49, "price_per_unit": 0.0, "breadcrumbs": "Katze > Katzenfutter > Trockenfutter", "description": "Mit Hühnerfrischfleisch Geförderter Fettstoffwechsel Weizenfreie Rezeptur"}
{"url": "https://www.fressnapf.de/p/schesir-suppe-6x85g-huhn-karotte--kuerbis-1390526/", "product_name": "Schesir Suppe 6x85g Huhn, Karotte & Kürbis", "brand": "Schesir Nassfutter", "regular_price": 0.0, "selling_price": 7.49, "price_per_unit": 0.0, "breadcrumbs": "Katze > Katzenfutter > Nassfutter", "description": "mit einem schmackhaften Topping 100% natürliche Inhaltsstoffe Getreide & Glutenfrei"}
{"url": "https://www.fressnapf.de/p/hills-prescription-diet-gastrointestinal-biome-ragout-mit-huhn-und-gemuese-24x82g-1373658/", "product_name": "Hill's Prescription Diet Gastrointestinal Biome Ragout mit Huhn und Gemüse 24x82g", "brand": "Hill's", "regular_price": 41.95, "selling_price": 39.99, "price_per_unit": 20.32, "breadcrumbs": "PLP > VET Diäten > Katze > Schonkost", "description": "Unterstützt eine gesunde Verdauung Angereichert mit Flohsamen zur Unterstützung der Darmgesundheit und eines regelmäßigen Kotabsatzes Präbiotische Fasern zur Förderung gesunder Darmbakterien"}
{"url": "https://www.fressnapf.de/p/select-gold-12-senior-gefluegel--reis-300-g-1407025/", "product_name": "SELECT GOLD +12 Senior Geflügel & Reis 300 g", "brand": "SELECT GOLD Trockenfutter", "regular_price": 0.0, "selling_price": 3.99, "price_per_unit": 0.0, "breadcrumbs": "Katze > Katzenfutter > Trockenfutter", "description": "mit Hühnerfrischfleisch Nierenentlastung Weizenfreie Rezeptur"}
{"url": "https://www.fressnapf.de/p/edgard--cooper-kitten-huhn-und-ente-325-g-1387871/", "product_name": "Edgard & Cooper Kitten Huhn und Ente 325 g", "brand": "Edgard & Cooper Trockenfutter", "regular_price": 0.0, "selling_price": 4.99, "price_per_unit": 0.0, "breadcrumbs": "Katze > Katzenfutter > Trockenfutter", "description": "Nur frisches Fleisch Getreidefreies Rezept Kein Junkfood"}
{"url": "https://www.fressnapf.de/p/macs-shakery-10-x-60g-huhn--kaese-1359434/", "product_name": "MAC's Shakery 10 x 60g Huhn & Käse", "brand": "MAC's Snacks", "regular_price": 0.0, "selling_price": 18.99, "price_per_unit": 0.0, "breadcrumbs": "Katze > Katzenfutter > Snacks", "description": "Hoher Fleischanteil ohne Konservierungsstoffe made in Germany"}
{"url": "https://www.fressnapf.de/p/select-gold-sterilised-adult-gefluegel--reis-300-g-1407011/", "product_name": "SELECT GOLD Sterilised Adult Geflügel & Reis 300 g", "brand": "SELECT GOLD Trockenfutter", "regular_price": 0.0, "selling_price": 4.49, "price_per_unit": 0.0, "breadcrumbs": "Katze > Katzenfutter > Trockenfutter", "description": "Mit Hühnerfrischfleisch Geförderter Fettstoffwechsel Weizenfreie Rezeptur"}
{"url": "https://www.fressnapf.de/p/vetlife-farmina-hepatic-400-g-1244342/", "product_name": "VetLife Farmina Hepatic 400 g", "brand": "VetLife", "regular_price": 0.0, "selling_price": 8.89, "price_per_unit": 0.0, "breadcrumbs": "PLP > VET Diäten > Katze > Leber & Schilddrüse", "description": "Ausschließlich natürliche Antioxidantien tocopherolreiche Extrakte natürliche Haltbarkeit des Produktes"}
{"url": "https://www.fressnapf.de/p/animonda-integra-protect-adult-sensitive-300-g-1382795/", "product_name": "animonda Integra Protect Adult Sensitive 300 g", "brand": "animonda", "regular_price": 2.95, "selling_price": 1.67, "price_per_unit": 5.57, "breadcrumbs": "PLP > VET Diäten > Katze > Aufbau & Rekonvaleszenz", "description": "bei Futtermittelunverträglichkeit ohne Gluten vor allem gegen Juckreiz & Durchfall"}
{"url": "https://www.fressnapf.de/p/mjamjam-duo-6x200g-zarte-ente-mit-pute-und-kuerbis-1484382/", "product_name": "MjAMjAM Duo 6x200g zarte Ente mit Pute und Kürbis", "brand": "MjAMjAM Nassfutter", "regular_price": 11.34, "selling_price": 10.99, "price_per_unit": 13.74, "breadcrumbs": "Katze > Katzenfutter > Nassfutter", "description": "extra hoher Fleischanteil ohne Zuckerzusatz Getreide-, Gluten- und Laktosefrei"}
{"url": "https://www.fressnapf.de/p/mjamjam-snackbag-kitten--gefluegel-8x125g-1382682/", "product_name": "MjAMjAM Snackbag Kitten – Geflügel 8x125g", "brand": "MjAMjAM Snacks", "regular_price": 31.92, "selling_price": 29.89, "price_per_unit": 29.89, "breadcrumbs": "Katze > Katzenfutter > Snacks", "description": "Ohne Getreide Ohne Konservierungs- oder Geschmacksstoffe Ohne Zucker"}
{"url": "https://www.fressnapf.de/p/hills-prescription-diet-kd--mobility-kidney--joint-care-15-kg-1379957/", "product_name": "Hill's Prescription Diet k/d + Mobility Kidney + Joint Care 1,5 kg", "brand": "Hill's", "regular_price": 38.49, "selling_price": 22.49, "price_per_unit": 12.16, "breadcrumbs": "PLP > VET Diäten > Katze > Nierendiät", "description": "Unterstützt die Nierenfunktion sowie den Gelenkstoffwechsel Mehr Beweglichkeit in 28 Tagen Ausgewogen und vitalstoffreich"}
{"url": "https://www.fressnapf.de/p/lucky-lou-nassfutter-katze-adult-wild-mix-box-6x125-g-1397014/", "product_name": "Lucky Lou Nassfutter Katze Adult Wild Mix-Box 6x125 g", "brand": "Lucky Lou Nassfutter", "regular_price": 0.0, "selling_price": 7.99, "price_per_unit": 0.0, "breadcrumbs": "Katze > Katzenfutter > Nassfutter", "description": "Super bekömmliche Rezeptur Viel Fleisch, Innereien & Sud Made in Germany"}
{"url": "https://www.fressnapf.de/p/hills-science-plan-no-grain-adult-mit-huhn-ohne-getreide-15-kg-1342467/", "product_name": "Hill's Science Plan No Grain Adult mit Huhn ohne Getreide 1,5 kg", "brand": "Hill's Trockenfutter", "regular_price": 21.99, "selling_price": 19.29, "price_per_unit": 12.86, "breadcrumbs": "Katze > Katzenfutter > Trockenfutter", "description": "Entwickelt mit Zutaten, die kein Getreide oder Gluten enthalten Lebenswichtiges Taurin für die Herzgesundheit und ausgewogener Mineralstoffgehalt zur Unterstützung der Nieren und der Blase Unterstützt die Abwehrkräfte, eine gesunde Verdauung und schlanke Muskeln bei erwachsenen Katzen"}
{"url": "https://www.fressnapf.de/p/bozita-kitten-haeppchen-12x85g-huehnchen-1391457/", "product_name": "BOZITA Kitten Häppchen 12x85g Hühnchen", "brand": "BOZITA Nassfutter", "regular_price": 0.0, "selling_price": 14.99, "price_per_unit": 0.0, "breadcrumbs": "Katze > Katzenfutter > Nassfutter", "description": "Kein Getreide, kein Zucker, keine Farbstoffe, keine Konservierungsstoffe Omega 3 unterstützt u.a. die gesunde Entwicklung des Gehirns und Sehvermögens Produziert mit 100% erneuerbarer Energie"}
{"url": "https://www.fressnapf.de/p/select-gold-kitten-gefluegel--reis-300-g-1407018/", "product_name": "SELECT GOLD Kitten Geflügel & Reis 300 g", "brand": "SELECT GOLD Trockenfutter", "regular_price": 0.0, "selling_price": 3.99, "price_per_unit": 0.0, "breadcrumbs": "Katze > Katzenfutter > Trockenfutter", "description": "Mit Hühnerfrischfleisch Optimale Verdauung Weizenfreie Rezeptur"}
{"url": "https://www.fressnapf.de/p/select-gold-urinary-adult-gefluegel--reis-300-g-1407052/", "product_name": "SELECT GOLD Urinary Adult Geflügel & Reis 300 g", "brand": "SELECT GOLD Trockenfutter", "regular_price": 0.0, "selling_price": 4.49, "price_per_unit": 0.0, "breadcrumbs": "Katze > Katzenfutter > Trockenfutter", "description": "Mit Hühnerfrischfleisch Zur Unterstützung der Harnwege Weizenfreie Rezeptur"}
{"url": "https://www.fressnapf.de/p/royal-canin-veterinary-early-renal-15-kg-1342252/", "product_name": "ROYAL CANIN Veterinary EARLY RENAL 1,5 kg", "brand": "ROYAL CANIN", "regular_price": 21.07, "selling_price": 18.99, "price_per_unit": 12.66, "breadcrumbs": "PLP > VET Diäten > Katze > Aufbau & Rekonvaleszenz", "description": "Frühe Unterstützung der Nierenfunktion Gesundes Altern Unterstützung der Verdauung"}
{"url": "https://www.fressnapf.de/p/hills-prescription-diet-joint-care-jd-huhn-3-kg-1380477/", "product_name": "Hill's Prescription Diet Joint Care j/d Huhn 3 kg", "brand": "Hill's", "regular_price": 42.29, "selling_price": 37.99, "price_per_unit": 12.66, "breadcrumbs": "PLP > VET Diäten > Katze > Gelenkdiät Katzenfutter", "description": "Hilft, den Gelenkknorpel zu erhalten Hilft, schlanke Muskeln zu erhalten Unterstützt ein gesundes Immunsystem"}
{"url": "https://www.fressnapf.de/p/doppelherz-gelenk-oel-omega-3-250ml-1376090/", "product_name": "Doppelherz Gelenk Öl Omega-3 250ml", "brand": "Doppelherz Ergänzungsfutter & Aufzucht", "regular_price": 0.0, "selling_price": 17.99, "price_per_unit": 0.0, "breadcrumbs": "Hund > Hundefutter > Ergänzungsfutter & Aufzucht", "description": "Wertvollen Feststoffen zur Unterstützung des Gelenkstoffwechsels bei Osteoarthritis Ohne Getreide & Zusatz von Zucker, Farb- & Konservierungsstoffen Perfekt zum Untermischen ins Futter"}
{"url": "https://www.fressnapf.de/p/real-nature-original-adult-katzenwurst-mixpaket-12x70-g-1480556/", "product_name": "REAL NATURE Original Adult Katzenwurst Mixpaket 12x70 g", "brand": "REAL NATURE Nassfutter", "regular_price": 0.0, "selling_price": 15.48, "price_per_unit": 0.0, "breadcrumbs": "Katze > Katzenfutter > Nassfutter", "description": "Natürlich in den ausgewählten Rohstoffen Hochwertige tierische Bestandteile mit bedarfsgerechtem Proteingehalt Ohne Zusatz von künstlichen Konservierungsmitteln, Farb- und Aromastoffen"}
{"url": "https://www.fressnapf.de/p/edgard--cooper-senior-huhn-truthahn-2kg-1396227/", "product_name": "Edgard & Cooper Senior Huhn& Truthahn 2kg", "brand": "Edgard & Cooper Trockenfutter", "regular_price": 0.0, "selling_price": 22.99, "price_per_unit": 0.0, "breadcrumbs": "Katze > Katzenfutter > Trockenfutter", "description": "Nur frisches Fleisch Getreidefreies Rezept Kein Junkfood"}
{"url": "https://www.fressnapf.de/p/premiere-creamy-crunch-mit-huhn--feige-4x180g-1475771/", "product_name": "PREMIERE Creamy Crunch mit Huhn & Feige 4x180g", "brand": "PREMIERE Snacks", "regular_price": 0.0, "selling_price": 14.76, "price_per_unit": 0.0, "breadcrumbs": "Katze > Katzenfutter > Snacks", "description": "Außen kross, innen cremig Weizenfreie Rezeptur, mit Vitamin E und Mineralstoffen Ohne Zusatz von Zucker, künstlichen Farb- und Aromastoffen"}
{"url": "https://www.fressnapf.de/p/beaphar-garten-schmaus-paste-cranberry--ente-100-g-1387772/", "product_name": "Beaphar Garten Schmaus Paste Cranberry & Ente 100 g", "brand": "Beaphar Snacks", "regular_price": 0.0, "selling_price": 5.99, "price_per_unit": 0.0, "breadcrumbs": "Katze > Katzenfutter > Snacks", "description": "Mit Malt für den einfachen Abgang verschluckter Haare Mit MOS zur Unterstützung der gesunder Darmbakterien Ohne Zucker-Zusatz"}
{"url": "https://www.fressnapf.de/p/hills-science-plan-sterilised-mature-adult-7-mit-huhn-15-kg-1003013011/", "product_name": "Hill's Science Plan Sterilised Mature Adult 7+ mit Huhn 1,5 kg", "brand": "Hill's Trockenfutter", "regular_price": 21.99, "selling_price": 17.29, "price_per_unit": 11.53, "breadcrumbs": "Katze > Katzenfutter > Trockenfutter", "description": "Mit L-Carnitin, um Ihre Katze schlank und fit zu halten Unterstützt ein gesundes Harnwegssystem Leicht verdauliche Zutaten"}
{"url": "https://www.fressnapf.de/p/hills-prescription-diet-cd-urinary-stress-ragout-mit-huhn-und-gemuese-24x82g-1373633/", "product_name": "Hill's Prescription Diet c/d Urinary Stress Ragout mit Huhn und Gemüse 24x82g", "brand": "Hill's", "regular_price": 40.4, "selling_price": 37.99, "price_per_unit": 19.3, "breadcrumbs": "PLP > VET Diäten > Katze > Urinary", "description": "Unterstützung der Harnwegsgesundheit Mit zugefügtem L-Tryptophan & Milchproteinhydrolysat zur Förderung des emotionalen Gleichgewichts Fördert einen optimalen Urin-pH-Wert und hilft somit, Struvitsteine aufzulösen und ein erneutes Auftreten von Struvit- und Oxalatsteinen zu vermeiden"}
{"url": "https://www.fressnapf.de/p/select-gold-sensitive-digestion-adult-gefluegel-und-reis-300-g-1407032/", "product_name": "SELECT GOLD Sensitive Digestion Adult Geflügel und Reis 300 g", "brand": "SELECT GOLD Trockenfutter", "regular_price": 0.0, "selling_price": 4.49, "price_per_unit": 0.0, "breadcrumbs": "Katze > Katzenfutter > Trockenfutter", "description": "Mit Hühnerfrischfleisch Optimale Verdauung Weizenfreie Rezeptur"}
{"url": "https://www.fressnapf.de/p/multifit-celebration-geschenkebox-8x85g-1373108/", "product_name": "MultiFit Celebration Geschenkebox 8x85g", "brand": "MultiFit Snacks", "regular_price": 0.0, "selling_price": 23.92, "price_per_unit": 0.0, "breadcrumbs": "Katze > Katzenfutter > Snacks", "description": "Perfekte Leckerbissen Mit Huhn und Seelachs Niedliche Verpackung"}
{"url": "https://www.fressnapf.de/p/schesir-multipack-huhn-schinken-6x70g-1390524/", "product_name": "Schesir Multipack Huhn, Schinken 6x70g", "brand": "Schesir Nassfutter", "regular_price": 0.0, "selling_price": 7.49, "price_per_unit": 0.0, "breadcrumbs": "Katze > Katzenfutter > Nassfutter", "description": "Huhn als Hauptzutat mit einem schmackhaften Schinken-Topping 100% natürliche Inhaltsstoffe gedünstet und handverarbeitet"}
{"url": "https://www.fressnapf.de/p/canina-canivita-vitamintonikum-250ml-1072172/", "product_name": "Canina Canivita Vitamintonikum 250ml", "brand": "Canina Ergänzungsfutter & Aufzucht", "regular_price": 0.0, "selling_price": 24.99, "price_per_unit": 0.0, "breadcrumbs": "Hund > Hundefutter > Ergänzungsfutter & Aufzucht", "description": "Multivitamintonikum mit 11 Vitaminen Aufnahme der Vitamine in sehr kurzer Zeit Sehr hohe Geschmacksakzeptanz"}
{"url": "https://www.fressnapf.de/p/gimcat-ziegenmilch-200g-1366595/", "product_name": "GimCat Ziegenmilch 200g", "brand": "GimCat Ergänzungsfutter & Aufzucht", "regular_price": 0.0, "selling_price": 12.99, "price_per_unit": 0.0, "breadcrumbs": "Katze > Katzenfutter > Ergänzungsfutter & Aufzucht", "description": "Nach dem Vorbild natürlicher Muttermilch entwickelt Leicht verdaulich Unterstützt Wachstum, Immunsystem, Energiedeckung, Verdauung, Herz & Auge und das Nervensystem"}
{"url": "https://www.fressnapf.de/p/schesir-multipack-dose-6x85g-huhn-mit-schinken-1390544/", "product_name": "Schesir Multipack Dose 6x85g Huhn mit Schinken", "brand": "Schesir Nassfutter", "regular_price": 0.0, "selling_price": 7.69, "price_per_unit": 0.0, "breadcrumbs": "Katze > Katzenfutter > Nassfutter", "description": "100% natürliche Inhaltsstoffe Gedünstet und handverarbeitet Ohne Zusatz von Konservierungs- oder Farbstoffen"}
{"url": "https://www.fressnapf.de/p/schesir-huhn-mit-schinken-6x85g-1390539/", "product_name": "Schesir Huhn mit Schinken 6x85g", "brand": "Schesir Nassfutter", "regular_price": 0.0, "selling_price": 9.49, "price_per_unit": 0.0, "breadcrumbs": "Katze > Katzenfutter > Nassfutter", "description": "100% natürliche Inhaltsstoffe gedünstet und handverarbeitet Ohne Zusatz von Konservierungs- oder Farbstoffen"}
{"url": "https://www.fressnapf.de/p/mjamjam-6-x-300-g-saftig-zarte-mahlzeit-huhn--moehrchen-1419388/", "product_name": "MjAMjAM 6 x 300 g saftig, zarte Mahlzeit Huhn & Möhrchen", "brand": "MjAMjAM Nassfutter", "regular_price": 16.14, "selling_price": 13.99, "price_per_unit": 7.77, "breadcrumbs": "Katze > Katzenfutter > Nassfutter", "description": "Getreidefrei mit allen wichtigen Vitaminen und Mineralien Artgerecht, natur- und beutenah"}
{"url": "https://www.fressnapf.de/p/gourmet-revelations-mousse-in-sauce-48x57g-huhn--rind-1382131/", "product_name": "GOURMET REVELATIONS Mousse in Sauce 48x57g Huhn & Rind", "brand": "GOURMET Nassfutter", "regular_price": 41.99, "selling_price": 32.99, "price_per_unit": 12.06, "breadcrumbs": "Katze > Katzenfutter > Nassfutter", "description": "Zarte Mousse in köstlicher Sauce Mit 2 köstlichen Geschmacksrichtungen für mehr Abwechslung Ohne Farbstoffe, ohne zugesetzte künstliche Aroma- und Konservierungsstoffe"}
{"url": "https://www.fressnapf.de/p/canina-petvital-bach-blueten---nr-5-erschoepfung-10g-1192008/", "product_name": "Canina Petvital Bach-Blüten - Nr. 5 Erschöpfung 10g", "brand": "Canina Ergänzungsfutter & Aufzucht", "regular_price": 0.0, "selling_price": 10.99, "price_per_unit": 0.0, "breadcrumbs": "Hund > Hundefutter > Ergänzungsfutter & Aufzucht", "description": "Zur Genesung nach Operationen Ohne Alkohol Bei allgemein schwächlichen Tieren"}
{"url": "https://www.fressnapf.de/p/orijen-fit-and-trim-54-kg-1261005/", "product_name": "Orijen Fit and Trim 5,4 kg", "brand": "Orijen Trockenfutter", "regular_price": 0.0, "selling_price": 67.99, "price_per_unit": 0.0, "breadcrumbs": "Katze > Katzenfutter > Trockenfutter", "description": "Proteinreiches Futter Getreidefreie Rezeptur 2/3 Frischfleischanteil"}
{"url": "https://www.fressnapf.de/p/catlabs-vitamin-milchshake-fuer-katzen-entspannung-1404385/", "product_name": "Catlabs Vitamin-Milchshake für Katzen Entspannung", "brand": "Catlabs Katzenmilch & Getränke", "regular_price": 0.0, "selling_price": 8.99, "price_per_unit": 0.0, "breadcrumbs": "Katze > Katzenfutter > Katzenmilch & Getränke", "description": "Enthält 30 Portionen wertvolle Vitamine, Mineralstoffe und Öle Hergestellt in Deutschland aus natürlichen Zutaten Einfach aus Pulver und Wasser gewünschte Portion und Konsistenz zubereiten"}
{"url": "https://www.fressnapf.de/p/liebesgut-biokost-adult-12x200g-1278167/", "product_name": "LIEBESGUT Biokost Adult 12x200g", "brand": "LIEBESGUT Nassfutter", "regular_price": 0.0, "selling_price": 29.99, "price_per_unit": 0.0, "breadcrumbs": "Katze > Katzenfutter > Nassfutter", "description": "Extrem hoher Fleischanteil, besteht aus 95% Bio-Fleisch mit Bio-Gemüse Glutenfrei, Zuckerfrei, Weizenfrei, keine synthetischen Lockstoffe, Farb- und Konservierungsstoffe Single Protein aus hochwertigen Bio-Fleisch um allergische Reaktionen zu vermeiden"}
{"url": "https://www.fressnapf.de/p/doppelherz-haut--fell-oel-omega-3-250-ml-1376243/", "product_name": "Doppelherz Haut & Fell Öl Omega-3 250 ml", "brand": "Doppelherz Ergänzungsfutter & Aufzucht", "regular_price": 0.0, "selling_price": 17.99, "price_per_unit": 0.0, "breadcrumbs": "Hund > Hundefutter > Ergänzungsfutter & Aufzucht", "description": "Zur Unterstützung der Hautfunktion bei Dermatose und übermäßigem Haarausfall Ohne Zusatz von Zucker, Farb- & Konservierungsstoffen Perfekt zum Untermischen ins Futter"}
{"url": "https://www.fressnapf.de/p/felix-tasty-nuggets-6-x-180-g-huhn-mit-ente-1420571/", "product_name": "Felix Tasty Nuggets 6 x 180 g Huhn mit Ente", "brand": "Felix Snacks", "regular_price": 0.0, "selling_price": 20.94, "price_per_unit": 0.0, "breadcrumbs": "Katze > Katzenfutter > Snacks", "description": "Mit Vitamin A, Vitamin D3, Vitamin E und Mineralstoffen Weniger als 2 kcal pro Snack Ohne Farbstoffe"}
{"url": "https://www.fressnapf.de/p/hills-science-plan-urinary-health-adult-3-kg-1212607/", "product_name": "Hill's Science Plan Urinary Health Adult 3 kg", "brand": "Hill's Trockenfutter", "regular_price": 36.99, "selling_price": 31.99, "price_per_unit": 10.66, "breadcrumbs": "Katze > Katzenfutter > Trockenfutter", "description": "Trockenfutter für ausgewachsene Katzen - auch für kastrierte Katzen Kann das Risiko von Blasensteinen und anderen Harnwegserkrankungen verringern Gewichtsmanagement ist auch für das emotionale Gleichgewicht bei Katzen wichtig"}
{"url": "https://www.fressnapf.de/p/cats-love-huehnerfilet-40g-1373980/", "product_name": "CAT'S LOVE Hühnerfilet 40g", "brand": "CAT'S LOVE Snacks", "regular_price": 0.0, "selling_price": 6.99, "price_per_unit": 0.0, "breadcrumbs": "Katze > Katzenfutter > Snacks", "description": "100% Fleischanteil natürliche Leckerlis Ohne Zuckerzusatz, künstliche Aroma- und Lockstoffe"}
{"url": "https://www.fressnapf.de/p/beaphar-garten-schmaus-paste-karotte--kurkuma-100-g-1387773/", "product_name": "Beaphar Garten Schmaus Paste Karotte & Kurkuma 100 g", "brand": "Beaphar Snacks", "regular_price": 0.0, "selling_price": 5.99, "price_per_unit": 0.0, "breadcrumbs": "Katze > Katzenfutter > Snacks", "description": "Mit Vitamin A Fördert die Energieversorgung von Katzen Unwiderstehlich lecker"}
{"url": "https://www.fressnapf.de/p/royal-canin-veterinary-skin--coat-15-kg-1407510/", "product_name": "ROYAL CANIN Veterinary Skin & Coat 1,5 kg", "brand": "ROYAL CANIN", "regular_price": 0.0, "selling_price": 22.99, "price_per_unit": 0.0, "breadcrumbs": "PLP > VET Diäten > Katze > Haut & Fell", "description": "Stärkung der Hautbarriere Haut & Fell Optimierte Körperkondition"}
{"url": "https://www.fressnapf.de/p/catz-finefood-nassfutter-katze-purrrr-collection-ii-adult-multipack-12x85-g-1363314/", "product_name": "Catz finefood Nassfutter Katze Purrrr Collection II Adult Multipack 12x85 g", "brand": "Catz finefood Nassfutter", "regular_price": 0.0, "selling_price": 21.99, "price_per_unit": 0.0, "breadcrumbs": "Katze > Katzenfutter > Nassfutter", "description": "Katzengerechte und hochverdauliche, kurze Rezepturen Über 98 % Fleisch/Fisch/Innereien und Kochsud Getreide- und glutenfrei & Gentechnik- und tierversuchsfrei"}
{"url": "https://www.fressnapf.de/p/acana-bountiful-catch-mit-lachs-hering-und-seehecht-18-kg-1384279/", "product_name": "ACANA Bountiful Catch mit Lachs, Hering und Seehecht 1,8 kg", "brand": "ACANA Trockenfutter", "regular_price": 0.0, "selling_price": 5.49, "price_per_unit": 0.0, "breadcrumbs": "Katze > Katzenfutter > Trockenfutter", "description": "Köstlicher Geschmack Für gesunde Haut & ein glänzendes Fell Unterstützung von Verdauung und Immunsystem"}
{"url": "https://www.fressnapf.de/p/hills-science-plan-senior-11-mit-huhn-3-kg-1322224/", "product_name": "Hill's Science Plan Senior 11+ mit Huhn 3 kg", "brand": "Hill's Trockenfutter", "regular_price": 32.99, "selling_price": 25.49, "price_per_unit": 8.5, "breadcrumbs": "Katze > Katzenfutter > Trockenfutter", "description": "speziell entwickelt zur Unterstützung der Gehirngesundheit und Vitalität enthält leicht verdauliche Zutaten mit Fasern für eine gesunde Verdauung hergestellt mit hochwertigen Zutaten"}
{"url": "https://www.fressnapf.de/p/vetlife-farmina-ultrahypo-400-g-1244346/", "product_name": "VetLife Farmina UltraHypo 400 g", "brand": "VetLife", "regular_price": 0.0, "selling_price": 8.89, "price_per_unit": 0.0, "breadcrumbs": "PLP > VET Diäten > Katze > Hypoallergen", "description": "Ausschließlich natürliche Antioxidantien tocopherolreiche Extrakte Futter mit niedrigem glykämischen Index"}
{"url": "https://www.fressnapf.de/p/mjamjam-mixpaket-8-adult-6-x-800g-1484558/", "product_name": "MjAMjAM Mixpaket 8 Adult 6 x 800g", "brand": "MjAMjAM Nassfutter", "regular_price": 28.14, "selling_price": 27.49, "price_per_unit": 11.45, "breadcrumbs": "Katze > Katzenfutter > Nassfutter", "description": "Hoher Fleischanteil Ohne Getreide Ohne Zuckerzusatz"}
{"url": "https://www.fressnapf.de/p/vetlife-farmina-struvite-management-400-g-1244343/", "product_name": "VetLife Farmina Struvite Management 400 g", "brand": "VetLife", "regular_price": 0.0, "selling_price": 8.89, "price_per_unit": 0.0, "breadcrumbs": "PLP > VET Diäten > Katze > Urinary", "description": "Ausschließlich natürliche Antioxidantien tocopherolreiche Extrakte Futter mit niedrigem glykämischen Index"}
{"url": "https://www.fressnapf.de/p/lucky-lou-nassfutter-katze-adult-gefluegel-16x125-g-1418308/", "product_name": "Lucky Lou Nassfutter Katze Adult Geflügel 16x125 g", "brand": "Lucky Lou Nassfutter", "regular_price": 0.0, "selling_price": 21.49, "price_per_unit": 0.0, "breadcrumbs": "Katze > Katzenfutter > Nassfutter", "description": "Super bekömmliche Rezeptur Viel Fleisch, Innereien & Sud Made in Germany"}
{"url": "https://www.fressnapf.de/p/crave-pastete-24x85g-huhn-und-truthahn-1389958/", "product_name": "CRAVE Pastete 24x85g Huhn und Truthahn", "brand": "CRAVE Nassfutter", "regular_price": 0.0, "selling_price": 25.99, "price_per_unit": 0.0, "breadcrumbs": "Katze > Katzenfutter > Nassfutter", "description": "Mit mindestens 65% tierischen Zutaten Hoher Proteingehalt für eine starke und gesunde Muskulatur Ohne Zusatz von Getreide für eine sensible Verdauung"}
{"url": "https://www.fressnapf.de/p/vetlife-farmina-gastrointestinal-400-g-1244341/", "product_name": "VetLife Farmina Gastrointestinal 400 g", "brand": "VetLife", "regular_price": 0.0, "selling_price": 8.89, "price_per_unit": 0.0, "breadcrumbs": "PLP > VET Diäten > Hund > Schonkost", "description": "Ausschließlich natürliche Antioxidantien Ohne gentechnisch veränderte Inhaltsstoffe Futter mit niedrigem glykämischen Index"}
{"url": "https://www.fressnapf.de/p/schesir-adult-6x140g-thunfisch-1390543/", "product_name": "Schesir Adult 6x140g Thunfisch", "brand": "Schesir Nassfutter", "regular_price": 0.0, "selling_price": 11.99, "price_per_unit": 0.0, "breadcrumbs": "Katze > Katzenfutter > Nassfutter", "description": "100% natürliche Inhaltsstoffe Ohne Zusatz von Konservierungs- oder Farbstoffen mit einem schmackhaften Topping"}
{"url": "https://www.fressnapf.de/p/hills-prescription-diet-gastrointestinal-biome-mit-huhn-12x85g-1398162/", "product_name": "Hill's Prescription Diet Gastrointestinal Biome mit Huhn 12x85g", "brand": "Hill's", "regular_price": 18.9, "selling_price": 17.99, "price_per_unit": 17.64, "breadcrumbs": "PLP > VET Diäten > Katze > Schonkost", "description": "Fördert einen regelmäßigen, gesunden Kotzabsatz in nur 24 Stunden Hilft, das Risiko für ein erneutes Auftreten von Verdauungsstörungen zu reduzieren Einzigartige Mischung aus präbiotischen Fasern"}
{"url": "https://www.fressnapf.de/p/hills-prescription-diet-wd-digestiveweight-management-3kg-1375839/", "product_name": "Hill's Prescription Diet w/d Digestive/Weight Management 3kg", "brand": "Hill's", "regular_price": 34.05, "selling_price": 29.99, "price_per_unit": 10.0, "breadcrumbs": "PLP > VET Diäten > Katze > Übergewicht", "description": "Vermeidung von Gewichtszunahme durch reduzierten Energie- und Fettgehalt Hoher Faseranteil zur Erhaltung des Idealgewichts Zugesetztes L-Carnitin erleichtert den Umsatz von Fett zu Energie"}
{"url": "https://www.fressnapf.de/p/cats-love-trocken-junior-gefluegel-2kg-1394995/", "product_name": "CAT'S LOVE trocken Junior Geflügel 2kg", "brand": "CAT'S LOVE Trockenfutter", "regular_price": 0.0, "selling_price": 20.49, "price_per_unit": 0.0, "breadcrumbs": "Katze > Katzenfutter > Trockenfutter", "description": "OHNE Zucker OHNE Getreide OHNE Farb- & Konservierungsmittel"}
{"url": "https://www.fressnapf.de/p/sheba-multipack-fresh--fine-36x50g-in-gelee-huhn--truthahn-1658592/", "product_name": "Sheba Multipack Fresh & Fine 36x50g in Gelee Huhn & Truthahn", "brand": "Sheba Nassfutter", "regular_price": 0.0, "selling_price": 15.49, "price_per_unit": 0.0, "breadcrumbs": "Katze > Katzenfutter > Nassfutter", "description": "Hochwertiges Nassfutter, das Ihre Katze mit allen Nährstoffen versorgt. Alleinfuttermittel für ausgewachsene Katzen. Köstliches Nassfutter in Gelee aus erlesenen Zutaten."}
{"url": "https://www.fressnapf.de/p/mjamjam-6x100g-saftiges-schwein-an-leckeren-moehrchen-1484379/", "product_name": "MjAMjAM 6x100g saftiges Schwein an leckeren Möhrchen", "brand": "MjAMjAM Nassfutter", "regular_price": 9.54, "selling_price": 9.49, "price_per_unit": 15.82, "breadcrumbs": "Katze > Katzenfutter > Nassfutter", "description": "extra hoher Fleischanteil ohne Zuckerzusatz Getreide-, Gluten- und Laktosefrei"}
{"url": "https://www.fressnapf.de/p/royal-canin-appetite-control-care-10kg--multipack-for-free-1449439/", "product_name": "ROYAL CANIN Appetite Control Care 10kg + Multipack for free", "brand": "ROYAL CANIN Nassfutter", "regular_price": 0.0, "selling_price": 86.99, "price_per_unit": 0.0, "breadcrumbs": "Katze > Katzenfutter > Nassfutter", "description": "Hilft, das Bettelverhalten von Katzen zu kontrollieren Enthält einen speziell angepassten Protein- und Fettgehalt Angereichert mit L-Carnitin, das an einem gesunden Fettstoffwechsel beteiligt ist"}
{"url": "https://www.fressnapf.de/p/royal-canin-sphynx-adult-10kg--multipack-for-free-1449451/", "product_name": "ROYAL CANIN Sphynx Adult 10kg + Multipack for free", "brand": "ROYAL CANIN Nassfutter", "regular_price": 0.0, "selling_price": 82.99, "price_per_unit": 0.0, "breadcrumbs": "Katze > Katzenfutter > Nassfutter", "description": "Hoher Energiegehalt Gesunde Haut Unterstützt die Herzfunktion"}
{"url": "https://www.fressnapf.de/p/animonda-integra-protect-adult-sensitive-pute-pur-6-x-100-g-1385612/", "product_name": "animonda INTEGRA PROTECT Adult Sensitive Pute pur 6 x 100 g", "brand": "animonda Nassfutter", "regular_price": 8.1, "selling_price": 7.79, "price_per_unit": 12.98, "breadcrumbs": "Katze > Katzenfutter > Nassfutter", "description": "Bei Futtermittelunverträglichkeit Mono-Protein: Pute Ohne Getreide"}
{"url": "https://www.fressnapf.de/p/vetlife-farmina-diabetic-400-g-1244339/", "product_name": "VetLife Farmina Diabetic 400 g", "brand": "VetLife", "regular_price": 0.0, "selling_price": 8.89, "price_per_unit": 0.0, "breadcrumbs": "PLP > VET Diäten > Katze > Diabetes", "description": "Ausschließlich natürliche Antioxidantien Tocopherolreiche Extrakte Natürliche Haltbarkeit des Produktes"}
{"url": "https://www.fressnapf.de/p/schesir-adult-6x85g-thunfisch-mit-schinken-1390532/", "product_name": "Schesir Adult 6x85g Thunfisch mit Schinken", "brand": "Schesir Nassfutter", "regular_price": 0.0, "selling_price": 9.69, "price_per_unit": 0.0, "breadcrumbs": "Katze > Katzenfutter > Nassfutter", "description": "100% natürliche Inhaltsstoffe gedünstet und handverarbeitet ohne Zusatz von Konservierungs- oder Farbstoffen"}
{"url": "https://www.fressnapf.de/p/schesir-kitten-thunfisch-aloe-6x140g-1390491/", "product_name": "Schesir Kitten Thunfisch Aloe 6x140g", "brand": "Schesir Nassfutter", "regular_price": 0.0, "selling_price": 11.99, "price_per_unit": 0.0, "breadcrumbs": "Katze > Katzenfutter > Nassfutter", "description": "100% natürliche Inhaltsstoffe Ohne Zusatz von Konservierungs- oder Farbstoffen 100% wiederverwertbare Verpackung"}
{"url": "https://www.fressnapf.de/p/royal-canin-bengal-adult-10kg--multipack-for-free-1449453/", "product_name": "ROYAL CANIN Bengal Adult 10kg + Multipack for free", "brand": "ROYAL CANIN Nassfutter", "regular_price": 0.0, "selling_price": 82.99, "price_per_unit": 0.0, "breadcrumbs": "Katze > Katzenfutter > Nassfutter", "description": "Trägt zu einer gesunden Verdauung bei Unterstützt einen athletischen Körperbau Fördert ein schönes und glänzendes Fell"}
{"url": "https://www.fressnapf.de/p/royal-canin-persian-adult-12x85g-1386479/", "product_name": "ROYAL CANIN Persian Adult 12x85g", "brand": "ROYAL CANIN Nassfutter", "regular_price": 20.5, "selling_price": 15.49, "price_per_unit": 15.19, "breadcrumbs": "Katze > Katzenfutter > Nassfutter", "description": "Perfekt geeignet für Langhaarkatzen Optimale Verdauung Gesunde Harnwegsfunktion"}
{"url": "https://www.fressnapf.de/p/vetlife-farmina-natural-struvite-aufloesung-2-kg-1244350/", "product_name": "VetLife Farmina Natural Struvite Auflösung 2 kg", "brand": "VetLife", "regular_price": 0.0, "selling_price": 32.49, "price_per_unit": 0.0, "breadcrumbs": "PLP > VET Diäten > Katze > Urinary", "description": "Ausschließlich natürliche Antioxidantie tocopherolreiche Extrakte natürliche Haltbarkeit des Produktes"}
{"url": "https://www.fressnapf.de/p/vetlife-farmina-natural-struvite-12x85g-1380910/", "product_name": "VetLife Farmina Natural Struvite 12x85g", "brand": "VetLife", "regular_price": 0.0, "selling_price": 23.99, "price_per_unit": 0.0, "breadcrumbs": "PLP > VET Diäten > Katze > Urinary", "description": "Ausschließlich natürliche Antioxidantien Natürliche Haltbarkeit Zur auflösung von Struvitsteinen"}
{"url": "https://www.fressnapf.de/p/vetlife-farmina-natural-gastrointestinale-12x85g-1380908/", "product_name": "VetLife Farmina Natural Gastrointestinale 12x85g", "brand": "VetLife", "regular_price": 0.0, "selling_price": 23.99, "price_per_unit": 0.0, "breadcrumbs": "PLP > VET Diäten > Katze > Schonkost", "description": "Ausschließlich natürliche Antioxidantien Natürliche Haltbarkeit Gegen entzündliche Magen-Darm-Erkrankungen"}
{"url": "https://www.fressnapf.de/p/schesir-adult-20x85g-thunfisch-und-huhn-mit-garnelen-1391430/", "product_name": "Schesir Adult 20x85g Thunfisch und Huhn mit Garnelen", "brand": "Schesir Nassfutter", "regular_price": 0.0, "selling_price": 29.99, "price_per_unit": 0.0, "breadcrumbs": "Katze > Katzenfutter > Nassfutter", "description": "100% natürliche Inhaltsstoffe gedünstet und handverarbeitet ohne Zusatz von Konservierungs- oder Farbstoffen"}
{"url": "https://www.fressnapf.de/p/schesir-adult-thunfisch--thunfisch-mit-wolfsbarsch-6-x-85-g-1390540/", "product_name": "Schesir Adult Thunfisch & Thunfisch mit Wolfsbarsch 6 x 85 g", "brand": "Schesir Nassfutter", "regular_price": 0.0, "selling_price": 9.69, "price_per_unit": 0.0, "breadcrumbs": "Katze > Katzenfutter > Nassfutter", "description": "100% natürliche Inhaltsstoffe gedünstet und handverarbeitet ohne Zusatz von Konservierungs- oder Farbstoffen"}
{"url": "https://www.fressnapf.de/p/vetlife-farmina-diabetic-2-kg-1244351/", "product_name": "VetLife Farmina Diabetic 2 kg", "brand": "VetLife", "regular_price": 0.0, "selling_price": 35.49, "price_per_unit": 0.0, "breadcrumbs": "PLP > VET Diäten > Katze > Diabetes", "description": "Ausschließlich natürliche Antioxidantien tocopherolreiche Extrakte natürliche Haltbarkeit des Produktes"}
{"url": "https://www.fressnapf.de/p/royal-canin-veterinary-sensitivity-control-huhn-mit-reis-feine-stueckchen-in-sosse-12x85-g-1320967/", "product_name": "ROYAL CANIN Veterinary Sensitivity Control Huhn mit Reis, feine Stückchen in Soße 12x85 g", "brand": "ROYAL CANIN", "regular_price": 0.0, "selling_price": 18.19, "price_per_unit": 0.0, "breadcrumbs": "PLP > VET Diäten > Katze > Haut & Fell", "description": "Ausgewählte Proteinquellen EPA/DHA & Hautbarriere Gesunde Verdauung"}
{"url": "https://www.fressnapf.de/p/canina-seealgen-tabletten-225g-1034809/", "product_name": "Canina Seealgen Tabletten 225g", "brand": "Canina Ergänzungsfutter & Aufzucht", "regular_price": 0.0, "selling_price": 10.99, "price_per_unit": 0.0, "breadcrumbs": "Hund > Hundefutter > Ergänzungsfutter & Aufzucht", "description": "Mit Spurenelementen, Vitaminen, Carotinoiden & Mineralien Hochwertiges Naturprodukt Fördert die Pigmentierung des Felles, der Augen, der Nase, Lefzen & Pfoten"}
{"url": "https://www.fressnapf.de/p/crave-mit-rind-und-huhn-7-kg-1396228/", "product_name": "CRAVE mit Rind und Huhn 7 kg", "brand": "CRAVE Trockenfutter", "regular_price": 44.99, "selling_price": 41.49, "price_per_unit": 5.93, "breadcrumbs": "Katze > Katzenfutter > Trockenfutter", "description": "hoher Proteingehalt, zur Unterstützung einer starken und gesunden Muskulatur ohne Zusatz von Getreide für Katzen mit sensibler Verdauung ohne Zusatz von künstlichen Farb-, Aroma- oder Konservierungsstoffen."}
{"url": "https://www.fressnapf.de/p/animonda-integra-protect-adult-renal-mit-ente-6-x-100-g-1385310/", "product_name": "animonda INTEGRA PROTECT Adult Renal mit Ente 6 x 100 g", "brand": "animonda", "regular_price": 8.1, "selling_price": 7.79, "price_per_unit": 12.98, "breadcrumbs": "PLP > VET Diäten > Katze > Nierendiät", "description": "Bei chronischer Niereninsuffizienz Phosphorreduziert Eiweißreduziert"}
{"url": "https://www.fressnapf.de/p/acana-indoor-entre-mit-huhn-truthahn-und-hering-45-kg-1379907/", "product_name": "ACANA Indoor Entrée mit Huhn, Truthahn und Hering 4,5 kg", "brand": "ACANA Trockenfutter", "regular_price": 0.0, "selling_price": 46.99, "price_per_unit": 0.0, "breadcrumbs": "Katze > Katzenfutter > Trockenfutter", "description": "Köstlicher Geschmack Für gesunde Haut & ein glänzendes Fell Zur Reduzierung von Haarballen"}
{"url": "https://www.fressnapf.de/p/canina-lachsoel500ml-1379232/", "product_name": "Canina Lachsöl 500ml", "brand": "Canina Ergänzungsfutter & Aufzucht", "regular_price": 0.0, "selling_price": 17.89, "price_per_unit": 0.0, "breadcrumbs": "Hund > Hundefutter > Ergänzungsfutter & Aufzucht", "description": "Unterstützt die Hautregeneration Sorgt für Haarwachstum Harmonisiert die gesamten Stoffwechselvorgänge im Körper"}
{"url": "https://www.fressnapf.de/p/crave-multipack-sauce-13x4x85g-thunfisch-1390809/", "product_name": "CRAVE Multipack Sauce 13x4x85g Thunfisch", "brand": "CRAVE Nassfutter", "regular_price": 38.87, "selling_price": 38.49, "price_per_unit": 8.71, "breadcrumbs": "Katze > Katzenfutter > Nassfutter", "description": "Mindestens 65% tierische Zutaten Hoher Proteingehalt für eine starke und gesunde Muskulatur Ohne Zusatz von Getreide für eine sensible Verdauung"}
{"url": "https://www.fressnapf.de/p/strayz-bio-14x85g-gans--kuerbis-1425379/", "product_name": "STRAYZ BIO 14x85g Gans & Kürbis", "brand": "STRAYZ Nassfutter", "regular_price": 0.0, "selling_price": 20.79, "price_per_unit": 0.0, "breadcrumbs": "Katze > Katzenfutter > Nassfutter", "description": "Extra hoher Fleischanteil: 95 % Ohne Zuckerzusatz & Getreide Spendet für Straßenkatzen"}
{"url": "https://www.fressnapf.de/p/hills-prescription-diet-diabetes-care-md-mit-huhn-12x85g-1398160/", "product_name": "Hill's Prescription Diet Diabetes Care m/d mit Huhn 12x85g", "brand": "Hill's", "regular_price": 17.8, "selling_price": 15.99, "price_per_unit": 15.68, "breadcrumbs": "PLP > VET Diäten > Katze > Diabetes", "description": "Gewichtsreduzierung Hilft den Blutzuckerspiegel zu regulieren Antioxidantien zur Unterstützung eines gesunden Immunsystems"}
{"url": "https://www.fressnapf.de/p/vetlife-farmina-obesity-400-g-1244340/", "product_name": "VetLife Farmina Obesity 400 g", "brand": "VetLife", "regular_price": 0.0, "selling_price": 8.89, "price_per_unit": 0.0, "breadcrumbs": "PLP > VET Diäten > Katze > Übergewicht", "description": "Ausschließlich natürliche Antioxidantien Ohne gentechnisch veränderte Inhaltsstoffe Futter mit niedrigem glykämischen Index"}
{"url": "https://www.fressnapf.de/p/hills-science-plan-no-grain-kitten-mit-huhn-ohne-getreide-15-kg-1342465/", "product_name": "Hill's Science Plan No Grain Kitten mit Huhn ohne Getreide 1,5 kg", "brand": "Hill's Trockenfutter", "regular_price": 22.99, "selling_price": 18.69, "price_per_unit": 12.46, "breadcrumbs": "Katze > Katzenfutter > Trockenfutter", "description": "Unterstützung der gesunden Entwicklung von Gehirn und Augen Mit ausgewogenen Mineralstoffen für starke Knochen und gesunde Zähne Aus hochwertigen Zutaten hergestellt"}
{"url": "https://www.fressnapf.de/p/crave-multipack-lachs-und-huhn-44x85-g-1389956/", "product_name": "CRAVE Multipack Lachs und Huhn 44x85 g", "brand": "CRAVE Nassfutter", "regular_price": 32.89, "selling_price": 32.49, "price_per_unit": 8.69, "breadcrumbs": "Katze > Katzenfutter > Nassfutter", "description": "Mit mindestens 65% tierischen Zutaten Hoher Proteingehalt für eine starke und gesunde Muskulatur Ohne Zusatz von Getreide für eine sensible Verdauung"}
{"url": "https://www.fressnapf.de/p/almo-nature-hfc-natural-light-meal-4x50-g-atlantik-thunfisch-1350478/", "product_name": "Almo nature HFC Natural Light Meal 4x50 g Atlantik-Thunfisch", "brand": "Almo nature Nassfutter", "regular_price": 4.15, "selling_price": 3.19, "price_per_unit": 15.95, "breadcrumbs": "Katze > Katzenfutter > Nassfutter", "description": "Keine chemischen Konservierungsstoffe (BHA, BHT), künstlichen Aromen, Farbstoffe oder Geschmacksverstärker. Keine chemischen Zusatzstoffe, keine GVO 100% des Profits von Almo Nature gehen an die Natur"}
{"url": "https://www.fressnapf.de/p/natures-variety-ausgewaehltes-sterilisiertes-freilandhuhn-125-kg-1354016/", "product_name": "Nature's Variety Ausgewähltes Sterilisiertes Freilandhuhn 1,25 Kg", "brand": "Nature's Variety Trockenfutter", "regular_price": 0.0, "selling_price": 17.69, "price_per_unit": 0.0, "breadcrumbs": "Katze > Katzenfutter > Trockenfutter", "description": "Hergestellt mit entbeintem Hühnerfleisch aus Freilandhaltung als Hauptzutat. Mit Obst, Gemüse, Superfoods und natürlichen Quellen für alternative Kohlenhydrate. Kein Getreide"}
{"url": "https://www.fressnapf.de/p/canina-petvital-bio-insect-shocker-nachfuellflasche-1l-1022824/", "product_name": "Canina PETVITAL Bio-Insect-Shocker (Nachfüllflasche) 1l", "brand": "Canina Ergänzungsfutter & Aufzucht", "regular_price": 0.0, "selling_price": 28.89, "price_per_unit": 0.0, "breadcrumbs": "Hund > Hundefutter > Ergänzungsfutter & Aufzucht", "description": "Biologisch gegen Flöhe, Läuse, Haarlinge, Milben und Zecken Vertreibt Parasiten nach erster Anwendung nachhaltig"}
{"url": "https://www.fressnapf.de/p/nd-farmina-prime-kitten-huehnchen-und-granatapfel-15kg-1233956/", "product_name": "N&D Farmina Prime Kitten Hühnchen und Granatapfel 1,5kg", "brand": "N&D Farmina Trockenfutter", "regular_price": 0.0, "selling_price": 25.49, "price_per_unit": 0.0, "breadcrumbs": "Katze > Katzenfutter > Trockenfutter", "description": "Alleinfuttermittel für Katzenjunge, säugende und trächtige Katzen. Rezeptur mit Huhn und Granatapfel Ohne künstliche Zusatzstoffe"}
{"url": "https://www.fressnapf.de/p/schesir-adult-24x85g-thunfisch-mit-lachs-1390906/", "product_name": "Schesir Adult 24x85g Thunfisch mit Lachs", "brand": "Schesir Nassfutter", "regular_price": 0.0, "selling_price": 26.99, "price_per_unit": 0.0, "breadcrumbs": "Katze > Katzenfutter > Nassfutter", "description": "schmackhaftes Zahnbrassen-Topping 100% natürliche Inhaltsstoffe gedünstet und handverarbeitet"}
{"url": "https://www.fressnapf.de/p/strayz-bio-6x400g-ente--suesskartoffel-1425373/", "product_name": "STRAYZ BIO 6x400g Ente & Süßkartoffel", "brand": "STRAYZ Nassfutter", "regular_price": 0.0, "selling_price": 26.49, "price_per_unit": 0.0, "breadcrumbs": "Katze > Katzenfutter > Nassfutter", "description": "Extra hoher Fleischanteil: 95 % Ohne Zuckerzusatz & Getreide Spendet für Straßenkatzen"}
{"url": "https://www.fressnapf.de/p/hills-prescription-diet-multi-benefit-wd-mit-huhn-12x85g-1398161/", "product_name": "Hill's Prescription Diet Multi-Benefit w/d mit Huhn 12x85g", "brand": "Hill's", "regular_price": 17.4, "selling_price": 16.99, "price_per_unit": 16.66, "breadcrumbs": "PLP > VET Diäten > Katze > Schonkost", "description": "Blutzuckermanagement Gewichtsmanagement Unterstützung einer gesunden Verdauung"}
{"url": "https://www.fressnapf.de/p/canina-petvital-derm-kapseln-40g-1051753/", "product_name": "Canina PETVITAL Derm-Kapseln 40g", "brand": "Canina Ergänzungsfutter & Aufzucht", "regular_price": 0.0, "selling_price": 15.49, "price_per_unit": 0.0, "breadcrumbs": "Hund > Hundefutter > Ergänzungsfutter & Aufzucht", "description": "Für die Aktivierung der Haut Mit Nachtkerzenöl als besonders aktive Fettsäure Für die Aktivierung des Fellstoffwechsels"}
{"url": "https://www.fressnapf.de/p/hills-science-plan-hairball-indoor-adult-mit-huhn-10-kg-1324867/", "product_name": "Hill's Science Plan Hairball Indoor Adult mit Huhn 10 kg", "brand": "Hill's Trockenfutter", "regular_price": 36.99, "selling_price": 32.99, "price_per_unit": 11.0, "breadcrumbs": "Katze > Katzenfutter > Trockenfutter", "description": "Erhält das Idealgewicht Verringert die Bildung von Haarballen Fördert die Gesundheit der Harnwege"}
{"url": "https://www.fressnapf.de/p/almo-nature-almo-holistic-anti-hairball-multipack-6x70-g-mit-rind--huhn-1479696/", "product_name": "Almo nature Almo Holistic Anti Hairball Multipack 6x70 g mit Rind & Huhn", "brand": "Almo nature Nassfutter", "regular_price": 5.79, "selling_price": 4.99, "price_per_unit": 11.88, "breadcrumbs": "Katze > Katzenfutter > Nassfutter", "description": "Faserstoffe regen die Darmtätigkeit an und unterstützen die Verdauung. Hervorragend zur Gewichtskontrolle. Durch den Kauf dieses Produkts unterstützen Sie die Artenvielfalt und Projekte zu Tierrechten direkt. 100% des Profits von Almo Nature gehen an die Natur"}
{"url": "https://www.fressnapf.de/p/almo-nature-almo-hfc-6x70g-huehnerschenkel-1479700/", "product_name": "Almo nature Almo HFC 6x70g Hühnerschenkel", "brand": "Almo nature Nassfutter", "regular_price": 8.7, "selling_price": 5.99, "price_per_unit": 14.26, "breadcrumbs": "Katze > Katzenfutter > Nassfutter", "description": "Keine chemischen Konservierungsstoffe (BHA, BHT), künstlichen Aromen, Farbstoffe oder Geschmacksverstärker. Keine chemischen Zusatzstoffe, keine GVO 100% des Profits von Almo Nature gehen an die Natur"}
{"url": "https://www.fressnapf.de/p/mjamjam-duo-6x100g-rind-mit-pute-an-gedaempftem-kuerbis-1484377/", "product_name": "MjAMjAM Duo 6x100g Rind mit Pute an gedämpftem Kürbis", "brand": "MjAMjAM Nassfutter", "regular_price": 10.14, "selling_price": 9.99, "price_per_unit": 16.65, "breadcrumbs": "Katze > Katzenfutter > Nassfutter", "description": "extra hoher Fleischanteil ohne Zuckerzusatz Getreide-, Gluten- und Laktosefrei"}
{"url": "https://www.fressnapf.de/p/royal-canin-urinary-care-10kg--multipack-for-free-1449442/", "product_name": "ROYAL CANIN Urinary Care 10kg + Multipack for free", "brand": "ROYAL CANIN Nassfutter", "regular_price": 0.0, "selling_price": 85.99, "price_per_unit": 0.0, "breadcrumbs": "Katze > Katzenfutter > Nassfutter", "description": "Hilft, die Harnwegsgesundheit zu unterstützen ausgewogener Mineralstoffgehalt Niedriger Harn-pH Wert"}
{"url": "https://www.fressnapf.de/p/natures-variety-original-sterilisierter-lachs-125-kg-1356541/", "product_name": "Nature's Variety Original Sterilisierter Lachs 1,25 kg", "brand": "Nature's Variety Trockenfutter", "regular_price": 0.0, "selling_price": 14.29, "price_per_unit": 0.0, "breadcrumbs": "Katze > Katzenfutter > Trockenfutter", "description": "Mit entbeintem Lachsfleisch von hoher Qualität als Hauptzutat Mit sorgfältig ausgewähltem Obst und Gemüse Kein Getreide"}
{"url": "https://www.fressnapf.de/p/catz-finefood-nassfutter-purrrr-adult-multipack-6x200-g-1408256/", "product_name": "Catz finefood Nassfutter Purrrr Adult Multipack 6x200 g", "brand": "Catz finefood Nassfutter", "regular_price": 0.0, "selling_price": 14.99, "price_per_unit": 0.0, "breadcrumbs": "Katze > Katzenfutter > Nassfutter", "description": "Monoprotein-Alleinfuttermittel nach dem Beutetierkonzept Katzengerechte und hochverdauliche Zutaten Über 98 % Fleisch & Getreide- und glutenfrei"}
{"url": "https://www.fressnapf.de/p/royal-canin-expert-mature-consult-balance-15-kg-1257837/", "product_name": "ROYAL CANIN Expert Mature Consult Balance 1,5 kg", "brand": "ROYAL CANIN", "regular_price": 41.95, "selling_price": 17.19, "price_per_unit": 11.57, "breadcrumbs": "PLP > VET Diäten > Katze > Aufbau & Rekonvaleszenz", "description": "Zur Appetitregulierung Unterstützt die Gesundheit von Senior-Katzen Bei Neigung zu Gewichtszunahme"}
{"url": "https://www.fressnapf.de/p/almo-nature-almo-holistic-digestive-help-multipack-fisch--gefluegel-6x70-g-1479697/", "product_name": "Almo nature Almo Holistic Digestive Help Multipack Fisch & Geflügel 6x70 g", "brand": "Almo nature Nassfutter", "regular_price": 5.79, "selling_price": 4.99, "price_per_unit": 11.88, "breadcrumbs": "Katze > Katzenfutter > Nassfutter", "description": "Angereichert mit Vitaminen und Mineralstoffen, ohne Farbstoffe oder chemische Konservierungsstoffe zubereitet Durch den Kauf unterstützen Sie die Artenvielfalt und Projekte zu Tierrechten 100% des Profits von Almo Nature gehen an die Natur"}
{"url": "https://www.fressnapf.de/p/natures-variety-original-truthahn-ohne-getreide-sterilisiert-125-kg-1356548/", "product_name": "Nature's Variety Original Truthahn ohne Getreide sterilisiert 1,25 kg", "brand": "Nature's Variety Trockenfutter", "regular_price": 0.0, "selling_price": 13.29, "price_per_unit": 0.0, "breadcrumbs": "Katze > Katzenfutter > Trockenfutter", "description": "Hergestellt mit entbeintem Putenfleisch als Hauptzutat. Mit sorgfältig ausgewähltem Obst und Gemüse. Kein Getreide"}
{"url": "https://www.fressnapf.de/p/almo-nature-almo-holistic-sterilised-multipack-6x70-g-mit-kabeljau--huhn-1479695/", "product_name": "Almo nature Almo Holistic Sterilised Multipack 6x70 g mit Kabeljau & Huhn", "brand": "Almo nature Nassfutter", "regular_price": 5.79, "selling_price": 4.99, "price_per_unit": 11.88, "breadcrumbs": "Katze > Katzenfutter > Nassfutter", "description": "Holistic Sterilised natürliche Flüssigkeitsversorgung und sind dank des limitierten Fettgehaltes ideal zur Gewichtskontrolle Durch den Kauf dieses Produkts unterstützen Sie die Artenvielfalt und Projekte zu Tierrechten direkt. 100% des Profits von Almo Nature gehen an die Natur"}
{"url": "https://www.fressnapf.de/p/almo-nature-almo-holistic-digestive-help-multipack-fisch--huhn-6x70-g-1479698/", "product_name": "Almo nature Almo Holistic Digestive Help Multipack Fisch & Huhn 6x70 g", "brand": "Almo nature Nassfutter", "regular_price": 5.79, "selling_price": 4.99, "price_per_unit": 11.88, "breadcrumbs": "Katze > Katzenfutter > Nassfutter", "description": "Angereichert mit Vitaminen und Mineralstoffen, ohne Farbstoffe oder chemische Konservierungsstoffe zubereitet Durch den Kauf unterstützen Sie die Artenvielfalt und Projekte zu Tierrechten 100% des Profits von Almo Nature gehen an die Natur"}
{"url": "https://www.fressnapf.de/p/catz-finefood-nassfutter-katze-purrrr-adult-multipack-6x400-g-1408257/", "product_name": "Catz finefood Nassfutter Katze Purrrr Adult Multipack 6x400 g", "brand": "Catz finefood Nassfutter", "regular_price": 0.0, "selling_price": 25.49, "price_per_unit": 0.0, "breadcrumbs": "Katze > Katzenfutter > Nassfutter", "description": "Monoprotein-Alleinfuttermittel nach dem Beutetierkonzept Katzengerechte und hochverdauliche Zutaten Über 98 % Fleisch & Getreide- und glutenfrei"}
{"url": "https://www.fressnapf.de/p/animonda-carny-adult-gefluegel-mix-8-x-85-g-1371074/", "product_name": "animonda Carny Adult Geflügel-Mix 8 x 85 g", "brand": "animonda Nassfutter", "regular_price": 8.33, "selling_price": 6.11, "price_per_unit": 8.99, "breadcrumbs": "Katze > Katzenfutter > Nassfutter", "description": "unverfälschter Genuss 100 % frische, fleischliche Zutaten sichtbare, fleischliche Stücke"}
{"url": "https://www.fressnapf.de/p/canina-petvital-bach-blueten---nr-4-lernbereitschaft-10g-1192007/", "product_name": "Canina Petvital Bach-Blüten - Nr. 4 Lernbereitschaft 10g", "brand": "Canina Ergänzungsfutter & Aufzucht", "regular_price": 0.0, "selling_price": 10.99, "price_per_unit": 0.0, "breadcrumbs": "Hund > Hundefutter > Ergänzungsfutter & Aufzucht", "description": "Zur Genesung nach Operationen Ohne Alkohol Bei allgemein schwächlichen Tieren"}
{"url": "https://www.fressnapf.de/p/natures-variety-original-kroketten-fuer-ausgewachsene-katzen-mit-entbeintem-huhn-3-kg-1356544/", "product_name": "Nature's Variety Original Kroketten für ausgewachsene Katzen mit entbeintem Huhn 3 kg", "brand": "Nature's Variety Trockenfutter", "regular_price": 0.0, "selling_price": 25.99, "price_per_unit": 0.0, "breadcrumbs": "Katze > Katzenfutter > Trockenfutter", "description": "OPTIMALE KÖRPERLICHE VERFASSUNG Ausgewogener und qualitativ hochwertiger Protein- und Kalorienanteil zum Erhalt von Muskelmasse und Aktivitätsniveau GLÄNZENDES FELL UND GESUNDE HAUT. Omega-3 und -6 sowie Zink sorgen für glänzendes Fell und gesunde Haut GESUNDES IMMUNSYSTEM. Hoher Gehalt an Antioxidantien (Vitamine E und A sowie Selenium) und Proteinen für ein gesundes Immunsystem"}
{"url": "https://www.fressnapf.de/p/felix-tasty-shreds-geschmischte-vielfalt-80x80g-1396763/", "product_name": "Felix Tasty Shreds Geschmischte Vielfalt 80x80g", "brand": "Felix Nassfutter", "regular_price": 0.0, "selling_price": 30.49, "price_per_unit": 0.0, "breadcrumbs": "Katze > Katzenfutter > Nassfutter", "description": "Feine Streifen in Sauce 100% komplett und ausgewogen Mit Vitamin D + E"}
{"url": "https://www.fressnapf.de/p/dreamies-mega-box-350g-katzenminze-1652809/", "product_name": "Dreamies Mega Box 350g Katzenminze", "brand": "Dreamies Snacks", "regular_price": 0.0, "selling_price": 5.94, "price_per_unit": 0.0, "breadcrumbs": "Katze > Katzenfutter > Snacks", "description": "DREAMIES™ Katzenleckerli sind außen kross, innen cremig Als praktische Vorratsverpackung für noch mehr Snack-Spaß Mit Vitaminen und Mineralstoffen; ohne Zusatz von künstlichen Aromastoffen"}
{"url": "https://www.fressnapf.de/p/canina-taurin-fuer-katzen-100g-1275791/", "product_name": "Canina Taurin für Katzen 100g", "brand": "Canina Ergänzungsfutter & Aufzucht", "regular_price": 0.0, "selling_price": 9.99, "price_per_unit": 0.0, "breadcrumbs": "Katze > Katzenfutter > Ergänzungsfutter & Aufzucht", "description": "Stoffwechselfördernd Unterstützt Sehkraft & Herzfunktion Verbessert Haut & Haarkleid"}
{"url": "https://www.fressnapf.de/p/animonda-carny-adult-megapack-8-x-6-x-400-g-1410714/", "product_name": "animonda Carny Adult Megapack 8 x 6 x 400 g", "brand": "animonda Nassfutter", "regular_price": 0.0, "selling_price": 76.49, "price_per_unit": 0.0, "breadcrumbs": "Katze > Katzenfutter > Nassfutter", "description": "unverfälschter Genuss 100 % frische, fleischliche Zutaten sichtbare, fleischliche Stücke"}
{"url": "https://www.fressnapf.de/p/dreamies-shakeups-6x55g-gefluegel-picknick-1654700/", "product_name": "Dreamies ShakeUps 6x55g Geflügel Picknick", "brand": "Dreamies Snacks", "regular_price": 0.0, "selling_price": 7.47, "price_per_unit": 0.0, "breadcrumbs": "Katze > Katzenfutter > Snacks", "description": "Außen kross und innen cremig. Nur 2 kcal pro Stück! DREAMIES™ SHAKE UPS™ Multivitamins Katzenleckerlis enthalten Vitamine und Mineralstoffe."}
{"url": "https://www.fressnapf.de/p/dreamies-creamy-snack-11x4x10g-huhn-1395907/", "product_name": "Dreamies Creamy Snack 11x4x10g Huhn", "brand": "Dreamies Snacks", "regular_price": 17.05, "selling_price": 13.85, "price_per_unit": 31.48, "breadcrumbs": "Katze > Katzenfutter > Snacks", "description": "Köstlich cremiger Geschmack Petersilie enthält extra viel natürliches Vitamin A"}
{"url": "https://www.fressnapf.de/p/hills-science-plan-perfect-digestion-kitten-15-kg-1385418/", "product_name": "Hill's Science Plan Perfect Digestion Kitten 1,5 kg", "brand": "Hill's Trockenfutter", "regular_price": 22.99, "selling_price": 19.29, "price_per_unit": 12.86, "breadcrumbs": "Katze > Katzenfutter > Trockenfutter", "description": "Das Katzen Trockenfutter fördert das Darm-Mikrobiom für optimale Gesundheit. Katzennahrung mit hochwertigem Protein unterstützt das Wachstum von Kätzchen. Katzenfutter mit ActivBiome+ und präbiotischen Fasern für eine gesunde Verdauung"}
{"url": "https://www.fressnapf.de/p/natures-variety-selected-sterilisierter-norwegischer-lachs-3-kg-1356551/", "product_name": "Nature's Variety Selected Sterilisierter Norwegischer Lachs 3 Kg", "brand": "Nature's Variety Trockenfutter", "regular_price": 0.0, "selling_price": 27.99, "price_per_unit": 0.0, "breadcrumbs": "Katze > Katzenfutter > Trockenfutter", "description": "Hergestellt mit entbeintem norwegischem Lachs als Hauptzutat. Mit Obst, Gemüse, Superfoods und natürlichen Quellen für alternative Kohlenhydrate. Kein Getreide"}
{"url": "https://www.fressnapf.de/p/felifine-barf-komplettmenue-hund-tk-nuggets-napffertig-10x480-g-rind-1385879/", "product_name": "FeliFine BARF Komplettmenü Hund TK-Nuggets Napffertig 10x480 g Rind", "brand": "FeliFine BARF/ Frostfutter", "regular_price": 0.0, "selling_price": 52.49, "price_per_unit": 0.0, "breadcrumbs": "Katze > Katzenfutter > BARF/ Frostfutter", "description": "Frisch, tiefgekühlt und schnell serviert Einfach portionierbare Nuggets (je 13 Gramm) - kann nach dem Auftauen direkt gefüttert werden Gesunde Frischfütterung leicht gemacht ohne aufwändige Futterpläne - keine weiteren Zusätze mehr notwendig"}
{"url": "https://www.fressnapf.de/p/canina-algenkalk-400g-1368137/", "product_name": "Canina Algenkalk 400g", "brand": "Canina Ergänzungsfutter & Aufzucht", "regular_price": 0.0, "selling_price": 16.99, "price_per_unit": 0.0, "breadcrumbs": "Hund > Hundefutter > Ergänzungsfutter & Aufzucht", "description": "Natürliche Calciumquelle Gesunder Knochenstoffwechsel & kräftige Zähne Unterstützt Muskelarbeit & Nerven"}
{"url": "https://www.fressnapf.de/p/perfect-fit-perfectfit-natural-vitality-huhn-und-truthahn-2x6-kg-1390883/", "product_name": "PERFECT FIT PerfectFit Natural Vitality Huhn und Truthahn 2x6 kg", "brand": "PERFECT FIT Trockenfutter", "regular_price": 0.0, "selling_price": 56.49, "price_per_unit": 0.0, "breadcrumbs": "Katze > Katzenfutter > Trockenfutter", "description": "70% des Proteins aus tierischer Herkunft Hergestellt mit natürlichen Zutaten. Ohne Zusatz von künstlichen Konservierungsstoffen"}
{"url": "https://www.fressnapf.de/p/hills-prescription-diet-dd-3-kg-1379956/", "product_name": "Hill's Prescription Diet d/d 3 kg", "brand": "Hill's", "regular_price": 37.25, "selling_price": 33.49, "price_per_unit": 11.16, "breadcrumbs": "PLP > VET Diäten > Katze > Schonkost", "description": "Das Allergiefutter für Katzen hilft bei Unverträglichkeiten und unterstützt die Hautgesundheit Dieses Katzenfutter enthält nur ein tierisches Protein und kein Sojaprotein Der hohe Omega-3-Gehalt des Katzenfutters unterstützt eine gesunde Hautbarriere"}
{"url": "https://www.fressnapf.de/p/gourmet-gold-saftig-feine-streifen-sorten-mix-96x85g-1418549/", "product_name": "GOURMET Gold Saftig-feine Streifen Sorten-Mix 96x85g", "brand": "GOURMET Nassfutter", "regular_price": 0.0, "selling_price": 54.49, "price_per_unit": 0.0, "breadcrumbs": "Katze > Katzenfutter > Nassfutter", "description": "Mit Vitamin A, Vitamin D3 und Mineralstoffen Ohne Zusatz von künstlichen Aroma- und Konservierungsstoffen Mix aus: Lachs, Rind, Huhn und Hochseefisch"}
{"url": "https://www.fressnapf.de/p/sheba-selection-in-sauce-mit-huhn-und-rind-28x85-g-1658589/", "product_name": "Sheba Selection in Sauce mit Huhn und Rind 28x85 g", "brand": "Sheba Nassfutter", "regular_price": 0.0, "selling_price": 19.29, "price_per_unit": 0.0, "breadcrumbs": "Katze > Katzenfutter > Nassfutter", "description": "Hochwertiges Nassfutter, das Ihre Katze mit allen Nährstoffen versorgt Alleinfuttermittel für ausgewachsene Katzen Hergestellt mit natürlichen und hochwertigen Inhaltsstoffen für eine ausgewogene Ernährung"}
{"url": "https://www.fressnapf.de/p/advance-sensitive-kroketten-mit-lachs-fuer-ausgewachsene-sterilisierte-katzen-10kg-1338343/", "product_name": "ADVANCE Sensitive Kroketten mit Lachs für ausgewachsene, sterilisierte Katzen. 10kg", "brand": "ADVANCE Trockenfutter", "regular_price": 0.0, "selling_price": 56.99, "price_per_unit": 0.0, "breadcrumbs": "Katze > Katzenfutter > Trockenfutter", "description": "IDEAL FÜR DEN EMPFINDLICHEN VERDAUUNGSTRAKT Lachs ist eine wichtige Quelle für hochwertiges tierisches Protein. Er ist leicht verdaulich und besonders empfehlenswert für Katzen mit empfindlicher Verdauung. GEWICHTSKONTROLLE Der geringe Fett- und Kaloriengehalt sowie die Kohlenhydrate aus Gerste und das L-Carnitin, das Fett in Energie umwandelt, tragen zu einer Reduzierung der Fettreserven bei und verhindern eine Gewichtszunahme bei sterilisierten Katzen. HAUT- UND FELLPFLEGE Mit Biotin, Zink und Omega-3 und -6-Fettsäuren für eine gesunde Haut und ein glänzendes Fell"}
{"url": "https://www.fressnapf.de/p/canina-medizinal-dorschlebertran-500ml-1357364/", "product_name": "Canina Medizinal-Dorschlebertran 500ml", "brand": "Canina Ergänzungsfutter & Aufzucht", "regular_price": 0.0, "selling_price": 19.89, "price_per_unit": 0.0, "breadcrumbs": "Hund > Hundefutter > Ergänzungsfutter & Aufzucht", "description": "Wertet jede Mahlzeit auf Regt den Appetit an Fördert die Entwicklung von Jungtieren"}
{"url": "https://www.fressnapf.de/p/advance-veterinary-diets-urinary-sterilized-low-calorie---kroketten-fuer-sterilisierte-katzen-mit-blasenproblemen-75kg1-1296731/", "product_name": "ADVANCE Veterinary Diets Urinary Sterilized Low Calorie - Kroketten für sterilisierte Katzen mit Blasenproblemen, 7,5 kg*1", "brand": "ADVANCE", "regular_price": 0.0, "selling_price": 59.99, "price_per_unit": 0.0, "breadcrumbs": "PLP > VET Diäten > Katze > Übergewicht", "description": "MODERATE ENERGIEZUFUHR UND HOHER BALASTSTOFFGEHALT Mit moderater Energiezufuhr und hohem Ballaststoffgehalt, um das Gewicht zu kontrollieren GERINGERER MAGNESIUMGEHALT UND PH-WERT DES URINS Mit einem geringen Magnesiumgehalt sowie einem höheren Natrium- und Kaliumgehalt für einen niedrigeren pH-Wert des Urins, um so die relative Übersättigung (SRI) des Urins mit Struvit und Oxalat zu verringern MIT GLUCOSAMIN UND CHONDROITIN Glucosamin und Chondroitin helfen, die Unversehrtheit des Harnepithels zu wahren"}
{"url": "https://www.fressnapf.de/p/hills-science-plan-kaetzchefutter-huhn-15-kg-1321866/", "product_name": "Hill's Science Plan Kätzchefutter Huhn 1,5 kg", "brand": "Hill's Trockenfutter", "regular_price": 57.99, "selling_price": 20.99, "price_per_unit": 7.57, "breadcrumbs": "Katze > Katzenfutter > Trockenfutter", "description": "Trockenfutter für Kätzchen mit DHA zur Unterstützt Gehirn- und Augenentwicklung Hochwertiges Protein zum Aufbau schlanker Muskeln Katzennahrung empfohlen von Tierärzten, auch als Frischebeutel erhältlich"}
{"url": "https://www.fressnapf.de/p/almo-nature-sterilised-30x70-g-huhn-1480586/", "product_name": "Almo nature Sterilised 30x70 g Huhn", "brand": "Almo nature Nassfutter", "regular_price": 29.7, "selling_price": 22.49, "price_per_unit": 10.71, "breadcrumbs": "Katze > Katzenfutter > Nassfutter", "description": "Für sterilisierte Katzen Durch den Kauf unterstützen Sie die Artenvielfalt und Projekte zu Tierrechten 100% des Profits von Almo Nature gehen an die Natur"}
{"url": "https://www.fressnapf.de/p/natures-variety-original-sterilisierter-lachs-3-kg-1356543/", "product_name": "Nature's Variety Original Sterilisierter Lachs 3 Kg", "brand": "Nature's Variety Hundetrockenfutter", "regular_price": 0.0, "selling_price": 30.99, "price_per_unit": 0.0, "breadcrumbs": "Hund > Hundefutter > Hundetrockenfutter", "description": "Mit hochwertigem entbeintem Lachsfleisch als Hauptzutat. Mit sorgfältig ausgewähltem Obst und Gemüse. Kein Getreide"}
{"url": "https://www.fressnapf.de/p/animonda-vom-feinsten-adult-megapack-6-x-32-x-100g-1410712/", "product_name": "animonda vom Feinsten Adult Megapack 6 x 32 x 100g", "brand": "animonda Nassfutter", "regular_price": 0.0, "selling_price": 129.99, "price_per_unit": 0.0, "breadcrumbs": "Katze > Katzenfutter > Nassfutter", "description": "einzigartiger Genuss mit ausgewählten, fleischlichen Zutaten ohne Getreide, ohne Zucker, ohne Soja"}
{"url": "https://www.fressnapf.de/p/sheba-natures-collection-28x85g-huhn-1667118/", "product_name": "Sheba Nature's Collection 28x85g Huhn", "brand": "Sheba Nassfutter", "regular_price": 0.0, "selling_price": 19.29, "price_per_unit": 0.0, "breadcrumbs": "Katze > Katzenfutter > Nassfutter", "description": "Hochwertiges Katzenfutter in Sauce Bietet eine ganzheitliche und ausgewogene Ernährung Aus hochwertigen Zutaten hergestellt"}
{"url": "https://www.fressnapf.de/p/hills-science-plan-perfect-digestion-adult-mit-huhn-und-reis-7-kg-1362244/", "product_name": "Hill's Science Plan Perfect Digestion Adult mit Huhn und Reis 7 kg", "brand": "Hill's Trockenfutter", "regular_price": 75.99, "selling_price": 57.99, "price_per_unit": 8.28, "breadcrumbs": "Katze > Katzenfutter > Trockenfutter", "description": "Optimaler Kotabsatz in 7 Tagen Enthält ActivBiome+, eine Hill’s spezifische Mischung aus präbiotischen Fasern Ausgewogene Ernährung und Mineralstoffe für die Gesundheit lebenswichtiger Organe"}
{"url": "https://www.fressnapf.de/p/almo-nature-anti-hairball-30x70-g-huhn-1480587/", "product_name": "Almo nature Anti-Hairball 30x70 g Huhn", "brand": "Almo nature Nassfutter", "regular_price": 29.7, "selling_price": 22.49, "price_per_unit": 10.71, "breadcrumbs": "Katze > Katzenfutter > Nassfutter", "description": "Faserstoffe regen die Darmtätigkeit an und unterstützen die Verdauung. Hervorragend zur Gewichtskontrolle Durch den Kauf unterstützen Sie die Artenvielfalt und Projekte zu Tierrechten 100% des Profits von Almo Nature gehen an die Natur"}
{"url": "https://www.fressnapf.de/p/kitekat-12kg-rind--gemuese-1183586/", "product_name": "Kitekat 12kg Rind & Gemüse", "brand": "Kitekat Trockenfutter", "regular_price": 39.99, "selling_price": 37.99, "price_per_unit": 3.17, "breadcrumbs": "Katze > Katzenfutter > Trockenfutter", "description": "100% Vitalität 100% ausgewogen Ohne Zusatz künstlicher Aromastoffe"}
{"url": "https://www.fressnapf.de/p/perfect-fit-adult-1-mit-rind-7-kg-1652824/", "product_name": "PERFECT FIT Adult 1+ mit Rind 7 kg", "brand": "PERFECT FIT Trockenfutter", "regular_price": 0.0, "selling_price": 28.49, "price_per_unit": 0.0, "breadcrumbs": "Katze > Katzenfutter > Trockenfutter", "description": "Hilft die Vitalität zu erhalten, mit B-Vitaminen und Eisen angereichert Unterstützt die ganzheitliche Gesundheit des Körpers Total-5-Formel bietet fünffachen Rundumschutz"}
{"url": "https://www.fressnapf.de/p/animonda-vom-feinsten-kitten-megapack-96x100-g-1410713/", "product_name": "animonda Vom Feinsten Kitten Megapack 96x100 g", "brand": "animonda Nassfutter", "regular_price": 0.0, "selling_price": 64.99, "price_per_unit": 0.0, "breadcrumbs": "Katze > Katzenfutter > Nassfutter", "description": "Mit ausgewählten, fleischlichen Zutaten Ohne Getreide, ohne Zucker, ohne Soja Mit natürlichem Taurin"}
{"url": "https://www.fressnapf.de/p/royal-canin-british-shorthair-adult-10kg-multipack-for-free-1449452/", "product_name": "ROYAL CANIN British Shorthair Adult 10kg+ Multipack for free", "brand": "ROYAL CANIN Nassfutter", "regular_price": 0.0, "selling_price": 67.99, "price_per_unit": 0.0, "breadcrumbs": "Katze > Katzenfutter > Nassfutter", "description": "Perfekt geeignet für eine optimale Bemuskelung Unterstützt gesunde Knochen und Gelenke Fördert die Herzfunktion"}
{"url": "https://www.fressnapf.de/p/almo-nature-intestinal-help-30x70-g-fisch-1480582/", "product_name": "Almo nature Intestinal Help 30x70 g Fisch", "brand": "Almo nature Nassfutter", "regular_price": 29.7, "selling_price": 22.49, "price_per_unit": 10.71, "breadcrumbs": "Katze > Katzenfutter > Nassfutter", "description": "Angereichert mit Vitaminen und Mineralien, ohne Farbstoffe oder chemische Konservierungsmittel Durch den Kauf unterstützen Sie die Artenvielfalt und Projekte zu Tierrechten 100% des Profits von Almo Nature gehen an die Natur"}
{"url": "https://www.fressnapf.de/p/canina-algenkalk-125g-1368136/", "product_name": "Canina Algenkalk 125g", "brand": "Canina Ergänzungsfutter & Aufzucht", "regular_price": 0.0, "selling_price": 7.99, "price_per_unit": 0.0, "breadcrumbs": "Hund > Hundefutter > Ergänzungsfutter & Aufzucht", "description": "Natürliche Calciumquelle Gesunder Knochenstoffwechsel & kräftige Zähne Unterstützt Muskelarbeit & Nerven"}
{"url": "https://www.fressnapf.de/p/fitfun-adult-jelly-4-sorten-12x100g-1494978/", "product_name": "FIT+FUN Adult Jelly 4 Sorten 12x100g", "brand": "FIT+FUN Nassfutter", "regular_price": 0.0, "selling_price": 2.55, "price_per_unit": 0.0, "breadcrumbs": "Katze > Katzenfutter > Nassfutter", "description": "4 leckere Sorten bieten Abwechlung Ohne Zusatz von Zucker und künstlichen Farbstoffen Ohne Zusatz von Konservierungsmitteln"}
{"url": "https://www.fressnapf.de/p/fitfun-adult-ragout-4-sorten-12x100g-1494979/", "product_name": "FIT+FUN Adult Ragout 4 Sorten 12x100g", "brand": "FIT+FUN Nassfutter", "regular_price": 0.0, "selling_price": 2.55, "price_per_unit": 0.0, "breadcrumbs": "Katze > Katzenfutter > Nassfutter", "description": "4 leckere Sorten bieten Abwechlung Ohne Zusatz von Zucker und künstlichen Farbstoffen Ohne Zusatz von Konservierungsmitteln"}
{"url": "https://www.fressnapf.de/p/puja-premium-nassfutter-chicken-bowl-fuer-katzen-100g-1938842/", "product_name": "PUJA Premium Nassfutter Chicken Bowl für Katzen 100g", "brand": "PUJA Nassfutter", "regular_price": 0.0, "selling_price": 2.9, "price_per_unit": 0.0, "breadcrumbs": "Katze > Katzenfutter > Nassfutter", "description": "REICH AN HUHN LEBENSMITTELQUALITÄT AUS 100% NATÜRLICHEN INHALTSSTOFFEN SCHONEND GEGART UND GETREIDEFREI"}
{"url": "https://www.fressnapf.de/p/pets-nature-gmbh-pawsome-adult-flowpack-pute-4x85-g-1793022/", "product_name": "Pets Nature GmbH Pawsome Adult Flowpack Pute 4x85 g", "brand": "Pets Nature GmbH Nassfutter", "regular_price": 0.0, "selling_price": 2.99, "price_per_unit": 0.0, "breadcrumbs": "Katze > Katzenfutter > Nassfutter", "description": "Artgerecht & köstlich 88 % tierische Zutaten Mit Superfoods & feinen Kräutern"}
{"url": "https://www.fressnapf.de/p/pets-nature-gmbh-pawsome-kitten-lachs-flowpack-4x85-g-1793034/", "product_name": "Pets Nature GmbH Pawsome Kitten Lachs Flowpack 4x85 g", "brand": "Pets Nature GmbH Nassfutter", "regular_price": 0.0, "selling_price": 2.99, "price_per_unit": 0.0, "breadcrumbs": "Katze > Katzenfutter > Nassfutter", "description": "Artgerecht & köstlich 88 % tierische Zutaten Mit Superfoods & feinen Kräutern"}
{"url": "https://www.fressnapf.de/p/pets-nature-gmbh-pawsome-adult-light-pute--lachs-4x85-g-1793036/", "product_name": "Pets Nature GmbH Pawsome Adult Light Pute & Lachs 4x85 g", "brand": "Pets Nature GmbH Nassfutter", "regular_price": 0.0, "selling_price": 2.99, "price_per_unit": 0.0, "breadcrumbs": "Katze > Katzenfutter > Nassfutter", "description": "Artgerecht & köstlich 88 % tierische Zutaten Mit Superfoods & feinen Kräutern"}
{"url": "https://www.fressnapf.de/p/pets-nature-gmbh-pawsome-mixpack-4x85-g-1793045/", "product_name": "Pets Nature GmbH Pawsome Mixpack 4x85 g", "brand": "Pets Nature GmbH Nassfutter", "regular_price": 0.0, "selling_price": 2.99, "price_per_unit": 0.0, "breadcrumbs": "Katze > Katzenfutter > Nassfutter", "description": "Artgerecht & köstlich 88 % tierische Zutaten Mit Superfoods & feinen Kräutern"}
{"url": "https://www.fressnapf.de/p/multifit-knuspy-mit-huhn-180-g-1654149/", "product_name": "MultiFit Knuspy mit Huhn 180 g", "brand": "MultiFit Snacks", "regular_price": 0.0, "selling_price": 2.99, "price_per_unit": 0.0, "breadcrumbs": "Katze > Katzenfutter > Snacks", "description": "Unwiderstehlicher Leckerbissen für Katzen Außen Knusprig, innen cremig 180 g Vorteilspack"}
{"url": "https://www.fressnapf.de/p/fitfun-crunchy-pockets-wild--gefluegel-7x65-g-1907493/", "product_name": "FIT+FUN Crunchy Pockets Wild & Geflügel 7x65 g", "brand": "FIT+FUN Snacks", "regular_price": 0.0, "selling_price": 3.15, "price_per_unit": 0.0, "breadcrumbs": "Katze > Katzenfutter > Snacks", "description": "Knusprige Happen Köstliche Geschmacksrichtungen Ohne Zuckerzusatz"}
{"url": "https://www.fressnapf.de/p/dreamies-shake-ups-multivitamins-gefluegel-picknick-165g-1652826/", "product_name": "Dreamies Shake ups Multivitamins Geflügel Picknick 165g", "brand": "Dreamies Snacks", "regular_price": 0.0, "selling_price": 3.22, "price_per_unit": 0.0, "breadcrumbs": "Katze > Katzenfutter > Snacks", "description": "Enthalten Vitamine und Mineralstoffe Nur 2 kcal pro Stück Außen kross und innen cremig"}
{"url": "https://www.fressnapf.de/p/dreamies-creamy-mega-pack-huhn-und-lachs-12x10g-1710568/", "product_name": "Dreamies Creamy Mega Pack Huhn und Lachs 12x10g", "brand": "Dreamies Snacks", "regular_price": 0.0, "selling_price": 3.79, "price_per_unit": 0.0, "breadcrumbs": "Katze > Katzenfutter > Snacks", "description": "Mit Taurin, ohne Zuckerzusatz und ohne Zusatz von künstlichen Farb- und Aromastoffen Die Umverpackung kann recycelt werden Unwiderstehlich für junge und erwachsene Katzen"}
{"url": "https://www.fressnapf.de/p/puja-premium-nassfutter-chicken-bowl-fuer-katzen-200g-1938843/", "product_name": "PUJA Premium Nassfutter Chicken Bowl für Katzen 200g", "brand": "PUJA Nassfutter", "regular_price": 0.0, "selling_price": 3.9, "price_per_unit": 0.0, "breadcrumbs": "Katze > Katzenfutter > Nassfutter", "description": "REICH AN HUHN LEBENSMITTELQUALITÄT AUS 100% NATÜRLICHEN INHALTSSTOFFEN SCHONEND GEGART UND GETREIDEFREI"}
{"url": "https://www.fressnapf.de/p/kitekat-multipack-fisch-box-in-gelee-12x85g-1670771/", "product_name": "Kitekat Multipack Fisch Box in Gelee 12x85g", "brand": "Kitekat Nassfutter", "regular_price": 0.0, "selling_price": 3.99, "price_per_unit": 0.0, "breadcrumbs": "Katze > Katzenfutter > Nassfutter", "description": "Liefert alle wichtigen Nährstoffe und Vitamine 100% vollständig und ausgewogen Ohne Zusatz von künstlichen Konservierungsstoffen"}
{"url": "https://www.fressnapf.de/p/kitekat-multipack-markt-mix-in-gelee-12x85-g-1670769/", "product_name": "Kitekat Multipack Markt Mix in Gelee 12x85 g", "brand": "Kitekat Nassfutter", "regular_price": 0.0, "selling_price": 3.99, "price_per_unit": 0.0, "breadcrumbs": "Katze > Katzenfutter > Nassfutter", "description": "Liefert alle wichtigen Nährstoffe und Vitamine 100% vollständig und ausgewogen Ohne Zusatz von künstlichen Konservierungsstoffen"}
{"url": "https://www.fressnapf.de/p/venandi-animal-huhn-300-g-1342377/", "product_name": "Venandi Animal Huhn 300 g", "brand": "Venandi Trockenfutter", "regular_price": 0.0, "selling_price": 3.99, "price_per_unit": 0.0, "breadcrumbs": "Katze > Katzenfutter > Trockenfutter", "description": "Hochwertige Proteinquellen Ganz ohne Getreide Ohne Zuckerzusatz"}
{"url": "https://www.fressnapf.de/p/purina-one-bifensis-light-750-g-1652832/", "product_name": "Purina ONE Bifensis Light 750 g", "brand": "Purina ONE Trockenfutter", "regular_price": 0.0, "selling_price": 3.99, "price_per_unit": 0.0, "breadcrumbs": "Katze > Katzenfutter > Trockenfutter", "description": "30% weniger Fett für ein gesundes Gewichtsmanagement Mit Vitaminen und Mineralstoffen Verbessert das Darmgleichgewicht"}
{"url": "https://www.fressnapf.de/p/select-gold-medica-nierendiaet-anfangsphase-300-g-1477749/", "product_name": "SELECT GOLD Medica Nierendiät Anfangsphase 300 g", "brand": "SELECT GOLD", "regular_price": 0.0, "selling_price": 3.99, "price_per_unit": 0.0, "breadcrumbs": "PLP > VET Diäten > Katze > Nierendiät", "description": "Niedriger Phosphorgehalt zur Entlastung der Nieren Anfangsstadium Tierärztliche Diät: entwickelt mit Tierärzten für Tierernährung und Diätetik"}
{"url": "https://www.fressnapf.de/p/select-gold-medica-schonkost-300-g-1458640/", "product_name": "SELECT GOLD Medica Schonkost 300 g", "brand": "SELECT GOLD", "regular_price": 0.0, "selling_price": 3.99, "price_per_unit": 0.0, "breadcrumbs": "PLP > VET Diäten > Katze > Schonkost", "description": "Für Katzen mit gastrointestinalen Problemen Linderung akuter Resorptionsstörungen des Darms Ausgleich unzureichender Verdauung (Exokrine Pankreasinsuffizienz)"}
{"url": "https://www.fressnapf.de/p/beaphar-malt-bits-150-g-1002582001/", "product_name": "Beaphar Malt Bits 150 g", "brand": "Beaphar Snacks", "regular_price": 0.0, "selling_price": 3.99, "price_per_unit": 0.0, "breadcrumbs": "Hund > Hundefutter > Snacks", "description": "Snacks mit leckerem Malz: unterstützt den Abgang verschluckter Haare Ohne Zuckerzusatz: Gut verträglich für Deine Katze Für Zwischendurch und als Belohnung, leckere knusprige Snacks"}
{"url": "https://www.fressnapf.de/p/select-gold-medica-hypoallergen-plus-fisch-und-reis-300-g-1458683/", "product_name": "SELECT GOLD Medica Hypoallergen PLUS Fisch und Reis 300 g", "brand": "SELECT GOLD", "regular_price": 0.0, "selling_price": 3.99, "price_per_unit": 0.0, "breadcrumbs": "PLP > VET Diäten > Katze > Hypoallergen", "description": "Für Katzen mit Futtermittelintoleranzen oder Futtermittelallergien Hydrolisiertes tierisches Protein zur Vermeidung von Immunreaktionen Unterstützung der Hautfunktion bei Dermatose und übermäßigem Haarausfall"}
{"url": "https://www.fressnapf.de/p/select-gold-medica-schonkost-kitten-300-g-1477747/", "product_name": "SELECT GOLD Medica Schonkost Kitten 300 g", "brand": "SELECT GOLD", "regular_price": 0.0, "selling_price": 3.99, "price_per_unit": 0.0, "breadcrumbs": "PLP > VET Diäten > Katze > Schonkost", "description": "Leichtverdauliche Ernährung Erhöhter Elektrolytgehalt zur Deckung des Bedarfs bei Flüssigkeitsverlust Linderung akuter Resorptionsstörungen des Darms"}
{"url": "https://www.fressnapf.de/p/select-gold-medica-leberdiaet-300-g-1477750/", "product_name": "SELECT GOLD Medica Leberdiät 300 g", "brand": "SELECT GOLD", "regular_price": 0.0, "selling_price": 3.99, "price_per_unit": 0.0, "breadcrumbs": "PLP > VET Diäten > Katze > Leber & Schilddrüse", "description": "Ausgewählte und leichtverdauliche Proteine Unterstützung der Leberfunktion bei chronischer Leberinsuffzizienz Leicht verdauliches Protein zur besseren Verträglichkeit"}
{"url": "https://www.fressnapf.de/p/select-gold-medica-harnstein-kalorienreduziert-300-g-1477744/", "product_name": "SELECT GOLD Medica Harnstein kalorienreduziert 300 g", "brand": "SELECT GOLD", "regular_price": 0.0, "selling_price": 3.99, "price_per_unit": 0.0, "breadcrumbs": "PLP > VET Diäten > Katze > Urinary", "description": "Auflösung von Struvitsteinen Senkung des Harn-pH-Wertes zur Unterstützung der Auflösung von Struvitsteinen Angepasster Magnesiumgehalt zur Reduzierung der Neubildung von Struvitsteinen"}
{"url": "https://www.fressnapf.de/p/select-gold-medica-schonkost-kalorienreduziert-300-g-1520916/", "product_name": "SELECT GOLD Medica Schonkost kalorienreduziert 300 g", "brand": "SELECT GOLD", "regular_price": 0.0, "selling_price": 3.99, "price_per_unit": 0.0, "breadcrumbs": "PLP > VET Diäten > Katze > Schonkost", "description": "Leichtverdauliche Ernährung Erhöhter Elektrolytgehalt zur Deckung des Bedarfs bei Flüssigkeitsverlust Linderung akuter Resorptionsstörungen des Darms"}
{"url": "https://www.fressnapf.de/p/naturally-good-veggies--meat-rote-linsen-und-huhn-300-g-1654147/", "product_name": "Naturally Good Veggies & Meat Rote Linsen und Huhn 300 g", "brand": "Naturally Good Trockenfutter", "regular_price": 0.0, "selling_price": 3.99, "price_per_unit": 0.0, "breadcrumbs": "Katze > Katzenfutter > Trockenfutter", "description": "Mehr Gemüse, weniger Fleisch Optimal versorgt durch pflanzliche und tierische Proteine Getreidefrei Rezeptur"}
{"url": "https://www.fressnapf.de/p/select-gold-medica-reduktiondiabetes-300-g-1458681/", "product_name": "SELECT GOLD Medica Reduktion+Diabetes 300 g", "brand": "SELECT GOLD", "regular_price": 0.0, "selling_price": 3.99, "price_per_unit": 0.0, "breadcrumbs": "PLP > VET Diäten > Katze > Diabetes", "description": "Für Katzen mit Neigung zu Übergewicht Niedriger Energiegehalt zur Gewichtsreduktion Verringerung von Übergewicht"}
{"url": "https://www.fressnapf.de/p/select-gold-medica-harnsteindiaet-gefluegel-300-g-1458684/", "product_name": "SELECT GOLD Medica Harnsteindiät Geflügel 300 g", "brand": "SELECT GOLD", "regular_price": 0.0, "selling_price": 3.99, "price_per_unit": 0.0, "breadcrumbs": "PLP > VET Diäten > Katze > Urinary", "description": "Für Katzen mit Erkrankung der ableitenden Harnwege Auflösung von Struvitsteinen Veringerung von Struvitsteinrezidiven"}
{"url": "https://www.fressnapf.de/p/select-gold-medica-harnsteindiaet-rind-300-g-1458685/", "product_name": "SELECT GOLD Medica Harnsteindiät Rind 300 g", "brand": "SELECT GOLD", "regular_price": 0.0, "selling_price": 3.99, "price_per_unit": 0.0, "breadcrumbs": "PLP > VET Diäten > Katze > Urinary", "description": "Auflösung von Struvitsteinen Senkung des Harn-pH-Wertes zur Unterstützung der Auflösung von Struvitsteinen Angepasster Magnesiumgehalt zur Reduzierung der Neubildung von Struvitsteinen"}
{"url": "https://www.fressnapf.de/p/select-gold-medica-hypoallergen-mit-gefluegel-300-g-1458686/", "product_name": "SELECT GOLD Medica Hypoallergen mit Geflügel 300 g", "brand": "SELECT GOLD", "regular_price": 0.0, "selling_price": 3.99, "price_per_unit": 0.0, "breadcrumbs": "PLP > VET Diäten > Katze > Hypoallergen", "description": "Nur eine ausgewählte tierische Proteinquelle als Ausschlussdiät Unterstützung der Hautfunktion bei Dermatose und übermäßigem Haarausfall Minderung von Ausgangserzeugnis- und Nährstoffintoleranzerscheinungen"}
{"url": "https://www.fressnapf.de/p/select-gold-medica-nierendiaet-300-g-1458682/", "product_name": "SELECT GOLD Medica Nierendiät 300 g", "brand": "SELECT GOLD", "regular_price": 0.0, "selling_price": 3.99, "price_per_unit": 0.0, "breadcrumbs": "PLP > VET Diäten > Katze > Nierendiät", "description": "Für Katzen mit chronischer Niereninsuffizienz Niedriger Phosphorgehalt zur Entlastung der Nieren Unterstützung der Nierenfunktion bei chronischer Niereninsuffizienz"}
{"url": "https://www.fressnapf.de/p/lucky-lou-food-code-adult-gefluegel--huhn-340-g-1748467/", "product_name": "Lucky Lou Food Code Adult Geflügel & Huhn 340 g", "brand": "Lucky Lou Trockenfutter", "regular_price": 0.0, "selling_price": 3.99, "price_per_unit": 0.0, "breadcrumbs": "Katze > Katzenfutter > Trockenfutter", "description": "Mit 8 Benefits für ein ganzheitliches Gesundheitskonzept Mit Frischfleisch & hochwertigem, getrockneten Protein Ohne Gluten, Getreide, Zuckerzusätze, Konservierungsstoffe und Gentechnik"}
{"url": "https://www.fressnapf.de/p/kitekat-multipack-bunte-vielfalt-in-sauce-12x85-g-1669308/", "product_name": "Kitekat Multipack Bunte Vielfalt in Sauce 12x85 g", "brand": "Kitekat Nassfutter", "regular_price": 0.0, "selling_price": 3.99, "price_per_unit": 0.0, "breadcrumbs": "Katze > Katzenfutter > Nassfutter", "description": "Liefert alle wichtigen Nährstoffe und Vitamine 100% vollständig und ausgewogen Ohne Zusatz von künstlichen Konservierungsstoffen"}
{"url": "https://www.fressnapf.de/p/kitekat-multipack-klassische-auswahl-in-sauce-12x85g-1670772/", "product_name": "Kitekat Multipack Klassische Auswahl in Sauce 12x85g", "brand": "Kitekat Nassfutter", "regular_price": 0.0, "selling_price": 3.99, "price_per_unit": 0.0, "breadcrumbs": "Katze > Katzenfutter > Nassfutter", "description": "Liefert alle wichtigen Nährstoffe und Vitamine 100% vollständig und ausgewogen Ohne Zusatz von künstlichen Konservierungsstoffen"}
{"url": "https://www.fressnapf.de/p/kitekat-multipack-jagdschmaus-in-sauce-12x85g-1669309/", "product_name": "Kitekat Multipack Jagdschmaus in Sauce 12x85g", "brand": "Kitekat Nassfutter", "regular_price": 0.0, "selling_price": 3.99, "price_per_unit": 0.0, "breadcrumbs": "Katze > Katzenfutter > Nassfutter", "description": "Liefert alle wichtigen Nährstoffe und Vitamine 100% vollständig und ausgewogen Ohne Zusatz von künstlichen Konservierungsstoffen"}
{"url": "https://www.fressnapf.de/p/kitekat-multipack-gefluegel-allerlei-in-gelee-12x85g-1670770/", "product_name": "Kitekat Multipack Geflügel-Allerlei in Gelee 12x85g", "brand": "Kitekat Nassfutter", "regular_price": 0.0, "selling_price": 3.99, "price_per_unit": 0.0, "breadcrumbs": "Katze > Katzenfutter > Nassfutter", "description": "Liefert alle wichtigen Nährstoffe und Vitamine 100% vollständig und ausgewogen Ohne Zusatz von künstlichen Konservierungsstoffen"}
{"url": "https://www.fressnapf.de/p/select-gold-medica-schonkost-ballaststoffreich-300-g-1477746/", "product_name": "SELECT GOLD Medica Schonkost ballaststoffreich 300 g", "brand": "SELECT GOLD", "regular_price": 0.0, "selling_price": 3.99, "price_per_unit": 0.0, "breadcrumbs": "PLP > VET Diäten > Katze > Schonkost", "description": "Leichtverdauliche Ernährung Erhöhter Elektrolytgehalt zur Deckung des Bedarfs bei Flüssigkeitsverlust Linderung akuter Resorptionsstörungen des Darms"}
{"url": "https://www.fressnapf.de/p/select-gold-medica-nierendiaet-appetitanregend-300g-1477748/", "product_name": "SELECT GOLD Medica Nierendiät Appetitanregend 300g", "brand": "SELECT GOLD", "regular_price": 0.0, "selling_price": 3.99, "price_per_unit": 0.0, "breadcrumbs": "PLP > VET Diäten > Katze > Nierendiät", "description": "Niedriger Phosphorgehalt zur Entlastung der Nieren Appetitanregend Tierärztliche Diät: entwickelt mit Tierärzten für Tierernährung und Diätetik"}
{"url": "https://www.fressnapf.de/p/select-gold-indoor-adult-gefluegel--reis-300-g-1407046/", "product_name": "SELECT GOLD Indoor Adult Geflügel & Reis 300 g", "brand": "SELECT GOLD Trockenfutter", "regular_price": 0.0, "selling_price": 4.49, "price_per_unit": 0.0, "breadcrumbs": "Katze > Katzenfutter > Trockenfutter", "description": "Mit Hühnerfrischfleisch Verminderter Stuhlgeruch Weizenfreie Rezeptur"}
{"url": "https://www.fressnapf.de/p/select-gold-babycatmother-gefluegel--reis-300-g-1407023/", "product_name": "SELECT GOLD Babycat+Mother Geflügel & Reis 300 g", "brand": "SELECT GOLD Trockenfutter", "regular_price": 0.0, "selling_price": 4.49, "price_per_unit": 0.0, "breadcrumbs": "Katze > Katzenfutter > Trockenfutter", "description": "Mit Hühnerfrischfleisch Omega-3-Fettsäuren Weizenfreie Rezeptur"}
{"url": "https://www.fressnapf.de/p/select-gold-hairskin-adult-lachs--gefluegel-300-g-1407037/", "product_name": "SELECT GOLD Hair+Skin Adult Lachs & Geflügel 300 g", "brand": "SELECT GOLD Trockenfutter", "regular_price": 0.0, "selling_price": 4.49, "price_per_unit": 0.0, "breadcrumbs": "Katze > Katzenfutter > Trockenfutter", "description": "Mit Hühnerfrischfleisch Glänzendes Fell & geschmeidige Haut Weizenfreie Rezeptur"}
{"url": "https://www.fressnapf.de/p/purina-one-bifensis-sterilcat-mit-lachs-750-g-1652830/", "product_name": "Purina ONE Bifensis Sterilcat mit Lachs 750 g", "brand": "Purina ONE Trockenfutter", "regular_price": 0.0, "selling_price": 4.49, "price_per_unit": 0.0, "breadcrumbs": "Katze > Katzenfutter > Trockenfutter", "description": "Zur Aufrechterhaltung eines gesunden Stoffwechsels nach der Sterilisation/Kastration Rezeptur mit ausgewogenen Mineralstoffgehalt für gesunde Harnwege Recyclebare Verpackung ohne Auswirkung auf Qualität & Geschmack"}
{"url": "https://www.fressnapf.de/p/select-gold-sensitive-digestion-senior-gefluegel-und-reis-300g-1407035/", "product_name": "SELECT GOLD Sensitive Digestion Senior Geflügel und Reis 300g", "brand": "SELECT GOLD Trockenfutter", "regular_price": 0.0, "selling_price": 4.49, "price_per_unit": 0.0, "breadcrumbs": "Katze > Katzenfutter > Trockenfutter", "description": "Mit Hühnerfrischfleisch Optimale Verdauung Weizenfreie Rezeptur"}
{"url": "https://www.fressnapf.de/p/select-gold-outdoor-adult-gefluegel-und-reis-300-g-1407049/", "product_name": "SELECT GOLD Outdoor Adult Geflügel und Reis 300 g", "brand": "SELECT GOLD Trockenfutter", "regular_price": 0.0, "selling_price": 4.49, "price_per_unit": 0.0, "breadcrumbs": "Katze > Katzenfutter > Trockenfutter", "description": "Mit Hühnerfrischfleisch Auf höhere Aktivität angepasster Energiegehalt Weizenfreie Rezeptur"}
{"url": "https://www.fressnapf.de/p/select-gold-sensitive-adult-insektenprotein-300-g-1407058/", "product_name": "SELECT GOLD Sensitive Adult Insektenprotein 300 g", "brand": "SELECT GOLD Trockenfutter", "regular_price": 0.0, "selling_price": 4.49, "price_per_unit": 0.0, "breadcrumbs": "Katze > Katzenfutter > Trockenfutter", "description": "Prebiotisch Mit Insektenprotein Weizenfreie Rezeptur"}
{"url": "https://www.fressnapf.de/p/perfect-fit-senior-11-mit-huhn-750-g-1520948/", "product_name": "PERFECT FIT Senior 11+ mit Huhn 750 g", "brand": "PERFECT FIT Trockenfutter", "regular_price": 0.0, "selling_price": 4.49, "price_per_unit": 0.0, "breadcrumbs": "Katze > Katzenfutter > Trockenfutter", "description": "Unterstützt die ganzheitliche Gesundheit des Körpers Hergestellt mit hochwertigen Zutaten Total-5-Formel bietet fünffachen Rundumschutz"}
{"url": "https://www.fressnapf.de/p/select-gold-pure-kitten-rind-300-g-1407054/", "product_name": "SELECT GOLD Pure Kitten Rind 300 g", "brand": "SELECT GOLD Trockenfutter", "regular_price": 0.0, "selling_price": 4.49, "price_per_unit": 0.0, "breadcrumbs": "Katze > Katzenfutter > Trockenfutter", "description": "Prebiotisch Mit frischem Fleisch Ideal bei Unverträglichkeiten"}
{"url": "https://www.fressnapf.de/p/felix-koestliche-scheibchen-10-x-80-g-geschmacksvielfalt-vom-land-1664482/", "product_name": "Felix Köstliche Scheibchen 10 x 80 g Geschmacksvielfalt vom Land", "brand": "Felix Nassfutter", "regular_price": 0.0, "selling_price": 4.59, "price_per_unit": 0.0, "breadcrumbs": "Katze > Katzenfutter > Nassfutter", "description": "Quelle von Omega-6-Fettsäuren 100% komplett und ausgewogen Ohne Zusatz künstlicher Farbstoffe, Konservierungsstoffe und Aromastoffe"}
{"url": "https://www.fressnapf.de/p/whiskas-pure-delight-gemischtes-ragout-in-gelee-multipack-12x85g-1480559/", "product_name": "Whiskas Pure Delight Gemischtes Ragout in Gelee Multipack 12x85g", "brand": "Whiskas Nassfutter", "regular_price": 0.0, "selling_price": 4.79, "price_per_unit": 0.0, "breadcrumbs": "Katze > Katzenfutter > Nassfutter", "description": "Hergestellt mit hochwertigem Protein, ohne künstliche Farb- oder Konservierungsstoffe – für puren Genuss Jede Rezeptur wird gegart, um die köstliche natürliche Flüssigkeit einzuschließen, und dann schonend gedämpft und geruht für saftige zarte Stückchen Deckt 100% des täglichen Bedarfs deiner Katze"}
{"url": "https://www.fressnapf.de/p/select-gold-maine-coon-adult-gefluegel--lachs-300-g-1407027/", "product_name": "SELECT GOLD Maine Coon Adult Geflügel & Lachs 300 g", "brand": "SELECT GOLD Trockenfutter", "regular_price": 0.0, "selling_price": 4.79, "price_per_unit": 0.0, "breadcrumbs": "Katze > Katzenfutter > Trockenfutter", "description": "Mit Hühnerfrischfleisch Optimale Nahrungsaufnahme Weizenfreie Rezeptur"}
{"url": "https://www.fressnapf.de/p/almo-nature-daily-multipack-6x70g-fischauswahl-1824454/", "product_name": "Almo nature Daily Multipack 6x70g Fischauswahl", "brand": "Almo nature Nassfutter", "regular_price": 0.0, "selling_price": 4.99, "price_per_unit": 0.0, "breadcrumbs": "Katze > Katzenfutter > Nassfutter", "description": "Ohne chemische Konservierungsmittel Frei von Farbstoffen 100% des Profits von Almo Nature gehen an die Natur"}
{"url": "https://www.fressnapf.de/p/wow-cat-adult-rind-325-g-1803884/", "product_name": "WOW Cat Adult Rind 325 g", "brand": "WOW Trockenfutter", "regular_price": 0.0, "selling_price": 4.99, "price_per_unit": 0.0, "breadcrumbs": "Katze > Katzenfutter > Trockenfutter", "description": "Hoher Frischfelischanteil Ohne Getreidezusatz Aus Österreich"}
{"url": "https://www.fressnapf.de/p/wow-cat-senior-lamm-325-g-1803850/", "product_name": "WOW Cat Senior Lamm 325 g", "brand": "WOW Trockenfutter", "regular_price": 0.0, "selling_price": 4.99, "price_per_unit": 0.0, "breadcrumbs": "Katze > Katzenfutter > Trockenfutter", "description": "Hoher Frischfelischanteil Ohne Getreidezusatz Aus Österreich"}
{"url": "https://www.fressnapf.de/p/wow-cat-junior-gefluegel-325-g-1803890/", "product_name": "WOW Cat Junior Geflügel 325 g", "brand": "WOW Trockenfutter", "regular_price": 0.0, "selling_price": 4.99, "price_per_unit": 0.0, "breadcrumbs": "Katze > Katzenfutter > Trockenfutter", "description": "Hoher Frischfelischanteil Ohne Getreidezusatz Aus Österreich"}
{"url": "https://www.fressnapf.de/p/real-nature-wilderness-kitten-pure-chicken-300-g-1710451/", "product_name": "REAL NATURE Wilderness Kitten Pure Chicken 300 g", "brand": "REAL NATURE Trockenfutter", "regular_price": 0.0, "selling_price": 4.99, "price_per_unit": 0.0, "breadcrumbs": "Katze > Katzenfutter > Trockenfutter", "description": "Nur eine tierische Proteinquelle Aus 70% hochwertigem Huhn, 30% Gemüse und wertvollen Zutaten Getreidefreie Rezeptur"}
{"url": "https://www.fressnapf.de/p/wow-cat-adult-lachs-325-g-1803891/", "product_name": "WOW Cat Adult Lachs 325 g", "brand": "WOW Trockenfutter", "regular_price": 0.0, "selling_price": 4.99, "price_per_unit": 0.0, "breadcrumbs": "Katze > Katzenfutter > Trockenfutter", "description": "Hoher Frischfelischanteil Ohne Getreidezusatz Aus Österreich"}
{"url": "https://www.fressnapf.de/p/wow-cat-adult-huhn-325-g-1803844/", "product_name": "WOW Cat Adult Huhn 325 g", "brand": "WOW Trockenfutter", "regular_price": 0.0, "selling_price": 4.99, "price_per_unit": 0.0, "breadcrumbs": "Katze > Katzenfutter > Trockenfutter", "description": "Hoher Frischfelischanteil Ohne Getreidezusatz Aus Österreich"}
{"url": "https://www.fressnapf.de/p/real-nature-original-adult-gele-mixpaket-4x100-g-1475626/", "product_name": "REAL NATURE Original Adult Gelée Mixpaket 4x100 g", "brand": "REAL NATURE Nassfutter", "regular_price": 0.0, "selling_price": 4.99, "price_per_unit": 0.0, "breadcrumbs": "Katze > Katzenfutter > Nassfutter", "description": "Naturnahe Ernährung Hochwertige Proteine Ohne Zusatz von Zucker, Farb- und Aromastoffen"}
{"url": "https://www.fressnapf.de/p/i-love-my-cat-insekten-soft-snack-fuer-katzen---50g-1767096/", "product_name": "I love my cat Insekten-Soft-Snack für Katzen - 50g", "brand": "I love my cat Snacks", "regular_price": 0.0, "selling_price": 5.29, "price_per_unit": 0.0, "breadcrumbs": "Katze > Katzenfutter > Snacks", "description": "Hochwertiges und verdauliches Protein Getreidefrei und gut verträglich Nachhaltigkeit"}
{"url": "https://www.fressnapf.de/p/animonda-vom-feinsten-kitten-raffinesse-in-sauce-mixpack-8x85-g-1840402/", "product_name": "animonda Vom Feinsten Kitten Raffinesse in Sauce Mixpack 8x85 g", "brand": "animonda Nassfutter", "regular_price": 0.0, "selling_price": 5.29, "price_per_unit": 0.0, "breadcrumbs": "Katze > Katzenfutter > Nassfutter", "description": "Raffiniertes Genusserlebnis Zarte Stückchen in delikater Sauce Ohne Soja, ohne Zucker"}
{"url": "https://www.fressnapf.de/p/animonda-vom-feinsten-adult-raffinesse-in-sauce-mixpack-8x85-g-1840400/", "product_name": "animonda Vom Feinsten Adult Raffinesse in Sauce Mixpack 8x85 g", "brand": "animonda Nassfutter", "regular_price": 0.0, "selling_price": 5.29, "price_per_unit": 0.0, "breadcrumbs": "Katze > Katzenfutter > Nassfutter", "description": "Raffiniertes Genusserlebnis Zarte Stückchen in delikater Sauce Ohne Soja, ohne Zucker"}
{"url": "https://www.fressnapf.de/p/purina-one-dualnature-uribalance-mit-cranberry-sterilised-650-g-1395566/", "product_name": "Purina ONE DualNature Uribalance mit Cranberry Sterilised 650 g", "brand": "Purina ONE Trockenfutter", "regular_price": 0.0, "selling_price": 5.29, "price_per_unit": 0.0, "breadcrumbs": "Katze > Katzenfutter > Trockenfutter", "description": "Reduziert die Zahnsteinbildung um bis zu 40%* Hilft, gesunde Harnwege zu unterstützen Recyclebare Verpackung ohne Auswirkung auf Qualität und Geschmack"}
{"url": "https://www.fressnapf.de/p/real-nature-wilderness-fresh-meat-chicken-adult-300-g-1656270/", "product_name": "REAL NATURE WILDERNESS Fresh Meat Chicken Adult 300 g", "brand": "REAL NATURE Trockenfutter", "regular_price": 0.0, "selling_price": 5.29, "price_per_unit": 0.0, "breadcrumbs": "Katze > Katzenfutter > Trockenfutter", "description": "Besteht aus 70% frischem Hühnerfleisch, 30% Gemüse und wertvollen Zutaten und 0% Getreidezugabe Ist besonders schmackhaft und bietet eine hohe Akzeptanz Garantiert ohne Zusatz von Zucker, Soja, künstlichen Aromastoffen, Konservierungsmitteln oder Emulgatoren"}
{"url": "https://www.fressnapf.de/p/real-nature-wilderness-fresh-meat-turkey-adult-300-g-1656322/", "product_name": "REAL NATURE WILDERNESS Fresh Meat Turkey Adult 300 g", "brand": "REAL NATURE Trockenfutter", "regular_price": 0.0, "selling_price": 5.29, "price_per_unit": 0.0, "breadcrumbs": "Katze > Katzenfutter > Trockenfutter", "description": "Besteht aus 70% frischem Putenfleisch, 30% Gemüse und wertvollen Zutaten und 0% Getreidezugabe Ist besonders schmackhaft und bietet eine hohe Akzeptanz Garantiert ohne Zusatz von Zucker, Soja, künstlichen Aromastoffen, Konservierungsmitteln oder Emulgatoren"}
{"url": "https://www.fressnapf.de/p/i-love-my-cat-katzenfutter-nass-mit-huhn---100g-1767080/", "product_name": "I love my cat Katzenfutter Nass mit Huhn - 100g", "brand": "I love my cat Hundenassfutter", "regular_price": 0.0, "selling_price": 5.35, "price_per_unit": 0.0, "breadcrumbs": "Hund > Hundefutter > Hundenassfutter", "description": "Viel Huhn als hochwertige Proteinquelle Frei von Getreide und anderen ungeeigneten Inhaltsstoffen Natürliche Zutaten für eine ausgewogene Fütterung"}
{"url": "https://www.fressnapf.de/p/i-love-my-cat-katzenfutter-nass-mit-lachs-und-truthahn---100g-1767081/", "product_name": "I love my cat Katzenfutter Nass mit Lachs und Truthahn - 100g", "brand": "I love my cat Hundenassfutter", "regular_price": 0.0, "selling_price": 5.35, "price_per_unit": 0.0, "breadcrumbs": "Hund > Hundefutter > Hundenassfutter", "description": "Mit extra viel Truthahn und Lachs Ohne Getreide und andere minderwertige Inhaltsstoffe Natürliche Rezeptur für eine artgerechte Ernährung"}
{"url": "https://www.fressnapf.de/p/i-love-my-cat-kitten-nassfutter-mit-huhn---100g-1767095/", "product_name": "I love my cat Kitten Nassfutter mit Huhn - 100g", "brand": "I love my cat Hundenassfutter", "regular_price": 0.0, "selling_price": 5.35, "price_per_unit": 0.0, "breadcrumbs": "Hund > Hundefutter > Hundenassfutter", "description": "Mit 65% Huhn für eine bedarfsgerechte Proteinversorgung Aus natürlichen Zutaten in Lebensmittelqualität Ohne Getreide und andere minderwertige Rohstoffe"}
{"url": "https://www.fressnapf.de/p/beaphar-aufzucht-set-1004460/", "product_name": "Beaphar Aufzucht-Set", "brand": "Beaphar Ergänzungsfutter & Aufzucht", "regular_price": 0.0, "selling_price": 5.49, "price_per_unit": 0.0, "breadcrumbs": "Hund > Hundefutter > Ergänzungsfutter & Aufzucht", "description": "Vorteilhaftes Set bestehend aus 1 Flasche, 6 Sauger und Reinigungsbürste Spülmaschinenfest & bruchsicher Äußerst strapazierfähige Sauger/Nuckel"}
{"url": "https://www.fressnapf.de/p/gourmet-gold-raffiniertes-ragout-mix-8-x-85-g-1227747/", "product_name": "GOURMET Gold Raffiniertes Ragout Mix 8 x 85 g", "brand": "GOURMET Nassfutter", "regular_price": 0.0, "selling_price": 5.49, "price_per_unit": 0.0, "breadcrumbs": "Katze > Katzenfutter > Nassfutter", "description": "Nassfutter für ausgewachsene Katzen Fein geschnetzelte Stückchen schonend zubereitet zu einem Ragout Ohne Zusatz künstlicher Farbstoffe, Konservierungsstoffe und Aromastoffe"}
{"url": "https://www.fressnapf.de/p/sheba-multipack-fresh--fine-in-sauce-15-x-50g-gefluegel-variation-1710602/", "product_name": "Sheba Multipack Fresh & Fine in Sauce 15 x 50g Geflügel Variation", "brand": "Sheba Nassfutter", "regular_price": 0.0, "selling_price": 5.49, "price_per_unit": 0.0, "breadcrumbs": "Katze > Katzenfutter > Nassfutter", "description": "Hochwertiges Nassfutter, das Ihre Katze mit allen Nährstoffen versorgt Alleinfuttermittel für ausgewachsene Katzen Köstliches Nassfutter inspiriert von kulinarischen Metropolen der ganzen Welt"}
{"url": "https://www.fressnapf.de/p/gourmet-gold-feine-pastete-8-x-85-g-1003050001/", "product_name": "GOURMET Gold Feine Pastete 8 x 85 g", "brand": "GOURMET Nassfutter", "regular_price": 0.0, "selling_price": 5.49, "price_per_unit": 0.0, "breadcrumbs": "Katze > Katzenfutter > Nassfutter", "description": "Sorgsam gegart und zubereitet Katzennassfutter ohne Zusatz künstlicher Farbstoffe, Konservierungsstoffe und Aromastoffe Ohne Zusatz künstlicher Farbstoffe, Konservierungsstoffe und Aromastoffe"}
{"url": "https://www.fressnapf.de/p/gourmet-gold-zarte-haeppchen-8-x-85-g-1003050002/", "product_name": "GOURMET Gold Zarte Häppchen 8 x 85 g", "brand": "GOURMET Nassfutter", "regular_price": 0.0, "selling_price": 5.49, "price_per_unit": 0.0, "breadcrumbs": "Katze > Katzenfutter > Nassfutter", "description": "Nassfutter für ausgewachsene Katzen Zarte Stückchen in einer delikaten Sauce Ohne Zusatz künstlicher Geschmacks- oder Farbstoffe"}
{"url": "https://www.fressnapf.de/p/gourmet-gold-feine-komposition-mix-8-x-85-g-1003050004/", "product_name": "GOURMET Gold Feine Komposition Mix 8 x 85 g", "brand": "GOURMET Nassfutter", "regular_price": 0.0, "selling_price": 5.49, "price_per_unit": 0.0, "breadcrumbs": "Katze > Katzenfutter > Nassfutter", "description": "Doppelter Genuss für ausgewachsene Katzen: Saftige Stückchen in Sauce Nassfutter: Kombination zweier Hauptzutaten in einer Mahlzeit Ohne Zusatz künstlicher Farbstoffe, Konservierungsstoffe und Aromastoffe"}
{"url": "https://www.fressnapf.de/p/i-love-my-cat-katzenfutter-nass-mit-insekten---100g-1767079/", "product_name": "I love my cat Katzenfutter Nass mit Insekten - 100g", "brand": "I love my cat Hundenassfutter", "regular_price": 0.0, "selling_price": 5.55, "price_per_unit": 0.0, "breadcrumbs": "Hund > Hundefutter > Hundenassfutter", "description": "Insekten als hypoallergene Eiweißquelle Hochwertige Alternative für allergische Katzen Frei von Getreide und anderen minderwertigen Zutaten"}
{"url": "https://www.fressnapf.de/p/i-love-my-cat-insekten-pate-mit-kuerbis-topping-1847826/", "product_name": "I love my cat Insekten Pate mit Kürbis-topping", "brand": "I love my cat Nassfutter", "regular_price": 0.0, "selling_price": 5.67, "price_per_unit": 0.0, "breadcrumbs": "Katze > Katzenfutter > Nassfutter", "description": "Hochwertige Zutaten: Hergestellt aus hochwertigem Insektenprotein und nährstoffreichem Kürbis für ein erstklassiges Genusserlebnis. Gesundheitsvorteile: Unterstützt Verdauung, Immunsystem und ganzheitliches Wohlbefinden mit essenziellen Nährstoffen. Unwiderstehlicher Geschmack: Die köstliche Textur und der Geschmack sorgen dafür, dass selbst die wählerischsten Katzen jeden Bissen genießen."}
{"url": "https://www.fressnapf.de/p/premiere-my-cream-24x15g-1709515/", "product_name": "PREMIERE My Cream 24x15g", "brand": "PREMIERE Snacks", "regular_price": 0.0, "selling_price": 5.69, "price_per_unit": 0.0, "breadcrumbs": "Katze > Katzenfutter > Snacks", "description": "Ohne Zusatz von Zucker, Farb-& Aromastoffen Besonders schmackhaft 24 praktische Einzelportionen"}
{"url": "https://www.fressnapf.de/p/animonda-vom-feinsten-adult--la-panna-cotta-lachs-6x100-g-1779612/", "product_name": "animonda Vom Feinsten Adult à la Panna Cotta Lachs 6x100 g", "brand": "animonda Nassfutter", "regular_price": 0.0, "selling_price": 5.89, "price_per_unit": 0.0, "breadcrumbs": "Katze > Katzenfutter > Nassfutter", "description": "Einzigartiger Genuss Leckere Fleischchunks in zartem Milchgelee Mit ausgewählten, fleischlichen Zutaten"}
{"url": "https://www.fressnapf.de/p/bfpetfood-biofood-cat-sweet-hairball-fuer-hairball-1897930/", "product_name": "BF®PETFOOD BIOFOOD CAT SWEET HAIRBALL FÜR HAIRBALL", "brand": "BF®PETFOOD Trockenfutter", "regular_price": 0.0, "selling_price": 6.05, "price_per_unit": 0.0, "breadcrumbs": "Katze > Katzenfutter > Trockenfutter", "description": "Reduzierung der Haarballenbildung, natürlicher Haarausfall. Unterstützt Haut und Fell. Einschließlich Flohsamen, Hefe, Vitaminen und Mineralstoffen."}
{"url": "https://www.fressnapf.de/p/bfpetfood-biofood-katzenleckereien-bei-vlo-natural-1897924/", "product_name": "BF®PETFOOD BIOFOOD-KATZENLECKEREIEN BEI VLO NATURAL", "brand": "BF®PETFOOD Trockenfutter", "regular_price": 0.0, "selling_price": 6.05, "price_per_unit": 0.0, "breadcrumbs": "Katze > Katzenfutter > Trockenfutter", "description": "Gegen Flöhe und Zecken Gut für Haut und Fell (einschließlich Haarausfall) Mit Knoblauch, Vitaminen und Mineralstoffen"}
{"url": "https://www.fressnapf.de/p/bfpetfood-biofood-relax-hund--katze-beruhigend--beruhigend-1897937/", "product_name": "BF®PETFOOD BIOFOOD RELAX HUND / KATZE BERUHIGEND / BERUHIGEND", "brand": "BF®PETFOOD Snacks", "regular_price": 0.0, "selling_price": 6.05, "price_per_unit": 0.0, "breadcrumbs": "Hund > Hundefutter > Snacks", "description": "Für Hunde und Katzen jeden Alters. Beruhigende Wirkung in Stresssituationen, Geselligkeit und Feuerwerk. Unterstützt Haut und Fell (einschließlich Haarausfall)."}
{"url": "https://www.fressnapf.de/p/animonda-integra-protect-adult-sensitive-huhn-8x85-g-1808094/", "product_name": "animonda Integra Protect Adult Sensitive Huhn 8x85 g", "brand": "animonda", "regular_price": 0.0, "selling_price": 6.29, "price_per_unit": 0.0, "breadcrumbs": "PLP > VET Diäten > Katze > Hypoallergen", "description": "Bei Futtermittelunverträglichkeit Begrenzte Anzahl tierischer Proteine Hoch verdaulicher Reis, ohne Gluten"}
{"url": "https://www.fressnapf.de/p/animonda-integra-protect-adult-intestinal-mit-huhn--reis-8x85-g-1808085/", "product_name": "animonda Integra Protect Adult Intestinal mit Huhn & Reis 8x85 g", "brand": "animonda", "regular_price": 0.0, "selling_price": 6.29, "price_per_unit": 0.0, "breadcrumbs": "PLP > VET Diäten > Katze > Schonkost", "description": "Bei akutem Durchfall Hoch verdaulicher Reis Glutenfrei"}
{"url": "https://www.fressnapf.de/p/animonda-integra-protect-adult-diabetes-pute-8x85-g-1808089/", "product_name": "animonda Integra Protect Adult Diabetes Pute 8x85 g", "brand": "animonda", "regular_price": 0.0, "selling_price": 6.29, "price_per_unit": 0.0, "breadcrumbs": "PLP > VET Diäten > Katze > Diabetes", "description": "Bei Diabetes mellitus Proteinreich Ohne Stärke"}
{"url": "https://www.fressnapf.de/p/miamor-ragout-royale-multibox-sauce-gefluegel-12x100g-1367121/", "product_name": "Miamor Ragout Royale, Multibox Sauce Geflügel 12x100g", "brand": "Miamor Nassfutter", "regular_price": 0.0, "selling_price": 6.49, "price_per_unit": 0.0, "breadcrumbs": "Katze > Katzenfutter > Nassfutter", "description": "Artgerechte Fleischnahrung für Katzen Leckere Ragout-Stückchen, Vitamine und Mineralstoffe in köstlicher Sauce Unterstützt die Flüssigkeitsaufnahme"}
{"url": "https://www.fressnapf.de/p/sheba-natures-collection-in-sauce-fisch-variation-msc-12-x-85g-1710569/", "product_name": "Sheba Nature's Collection in Sauce Fisch Variation MSC 12 x 85g", "brand": "Sheba Nassfutter", "regular_price": 0.0, "selling_price": 6.79, "price_per_unit": 0.0, "breadcrumbs": "Katze > Katzenfutter > Nassfutter", "description": "Hochwertiges Katzenfutter in Sauce, hergestellt aus natürlichen und hochwertigen Zutaten Bietet deiner Samtpfote täglich eine ganzheitliche und ausgewogene Ernährung Hochwertige Zutaten stellen sicher, dass deine Katze genau die Nährstoffe bekommt, die sie braucht"}
{"url": "https://www.fressnapf.de/p/sheba-natures-collection-in-sauce-feine-vielfalt-12x85-g-1421897/", "product_name": "Sheba Nature's Collection in Sauce Feine Vielfalt 12x85 g", "brand": "Sheba Nassfutter", "regular_price": 0.0, "selling_price": 6.79, "price_per_unit": 0.0, "breadcrumbs": "Katze > Katzenfutter > Nassfutter", "description": "Hochwertiges Katzenfutter in Gelee, hergestellt aus natürlichen und hochwertigen Zutaten, die von unseren vertrauenwürdigen Lieferanten verantwortungsbewusst beschafft wurden. Das hochwertige SHEBA® Katzenfutter für ausgewachsene Katzen bietet deiner Samtpfote täglich eine ganzheitliche und ausgewogene Ernährung. SHEBA® Nassfutter für Katzen wird aus hochwertigen Zutaten hergestellt. So wird sichergestellt, dass deine Katze genau die Nährstoffe bekommt, die sie braucht, und nichts anderes."}
{"url": "https://www.fressnapf.de/p/i-love-my-cat-katzenfutter-nass-mit-insekten---200g-1767257/", "product_name": "I love my cat Katzenfutter Nass mit Insekten - 200g", "brand": "I love my cat Hundenassfutter", "regular_price": 0.0, "selling_price": 6.99, "price_per_unit": 0.0, "breadcrumbs": "Hund > Hundefutter > Hundenassfutter", "description": "Insekten als hypoallergene Eiweißquelle Hochwertige Alternative für allergische Katzen Frei von Getreide und anderen minderwertigen Zutaten"}
{"url": "https://www.fressnapf.de/p/cats-love-pure-bites-lachsfilet-50-g-1373981/", "product_name": "CAT'S LOVE Pure Bites Lachsfilet 50 g", "brand": "CAT'S LOVE Snacks", "regular_price": 0.0, "selling_price": 6.99, "price_per_unit": 0.0, "breadcrumbs": "Katze > Katzenfutter > Snacks", "description": "100% Fleischanteil 100% natürlich Ohne Zuckerzusatz"}
{"url": "https://www.fressnapf.de/p/orijen-kitten-340-g-1490520/", "product_name": "Orijen Kitten 340 g", "brand": "Orijen Trockenfutter", "regular_price": 0.0, "selling_price": 6.99, "price_per_unit": 0.0, "breadcrumbs": "Katze > Katzenfutter > Trockenfutter", "description": "Mit tierischen GanzeBeute-Zutaten Mit gefriergetrocknetem Überzug für ein übezeugendes Geschmackserlebnis Unterstützt die Entwicklung des Gehirns und die kognitiven Funktionen"}
{"url": "https://www.fressnapf.de/p/sheba-multipack-kitten-in-sauce-feine-vielfalt-mit-lachs-mit-huhn-msc-12x85-g-1748132/", "product_name": "Sheba Multipack Kitten in Sauce Feine Vielfalt mit Lachs, mit Huhn MSC 12x85 g", "brand": "Sheba Nassfutter", "regular_price": 0.0, "selling_price": 6.99, "price_per_unit": 0.0, "breadcrumbs": "Katze > Katzenfutter > Nassfutter", "description": "Katzennassfutter für Kätzchen in feiner Sauce, hergestellt mit natürlichen und hochwertigen Zutaten, Vitaminen und Mineralstoffen Das hochwertige SHEBA® Katzennassfutter für heranwachsende Katzen bietet deiner Samtpfote täglich eine komplette und ausgewogene Ernährung Getreidefreie Rezeptur, hergestellt mit MSC-zertifiziertem Fisch aus nachhaltiger Fischerei und ohne Zusatz von künstlichen Farb- oder Konservierungsstoffen"}
{"url": "https://www.fressnapf.de/p/sheba-multipack-sauce-collection-feine-vielfalt-msc-12x85-g-1748135/", "product_name": "Sheba Multipack Sauce Collection Feine Vielfalt MSC 12x85 g", "brand": "Sheba Nassfutter", "regular_price": 0.0, "selling_price": 6.99, "price_per_unit": 0.0, "breadcrumbs": "Katze > Katzenfutter > Nassfutter", "description": "Katzennassfutter in herzhafter Sauce, hergestellt mit natürlichen und hochwertigen Zutaten Das hochwertige SHEBA® Katzennassfutter für ausgewachsene Katzen bietet deiner Samtpfote täglich eine komplette und ausgewogene Ernährung Lachs- und Thunfisch-Rezepturen, mit MSC-zertifiziertem Fisch aus nachhaltiger Fischerei"}
{"url": "https://www.fressnapf.de/p/perfect-fit-anti-hairball-1-mit-huhn-14-kg-1669368/", "product_name": "PERFECT FIT Anti-Hairball 1+ mit Huhn 1,4 kg", "brand": "PERFECT FIT Trockenfutter", "regular_price": 0.0, "selling_price": 6.99, "price_per_unit": 0.0, "breadcrumbs": "Katze > Katzenfutter > Trockenfutter", "description": "reduziert die Bildung von Haarballen unterstützt die ganzheitliche Gesundheit des Körpers Total-5-Formel bietet fünffachen Rundumschutz"}
{"url": "https://www.fressnapf.de/p/multifit-adult-in-sauce-12x190g-mit-huhn-1417279/", "product_name": "MultiFit Adult in Sauce 12x190g Mit Huhn", "brand": "MultiFit Nassfutter", "regular_price": 0.0, "selling_price": 7.08, "price_per_unit": 0.0, "breadcrumbs": "Katze > Katzenfutter > Nassfutter", "description": "in leckerer Sauce verschiedene Sorten mit Taurin"}
{"url": "https://www.fressnapf.de/p/whiskas-crunch-mit-huhn-pute-und-ente-5-x-100g-1668849/", "product_name": "Whiskas Crunch mit Huhn, Pute und Ente 5 x 100g", "brand": "Whiskas Snacks", "regular_price": 0.0, "selling_price": 7.29, "price_per_unit": 0.0, "breadcrumbs": "Katze > Katzenfutter > Snacks", "description": "Eignet sich hervorragend als Topping auf Katzenfutter Wichtige Nährstoffe und einen unwiderstehlichen Geschmack Enthält eine Geschmacksvielfalt, die Ihre Katze lieben wird"}
{"url": "https://www.fressnapf.de/p/nd-farmina-natural-meat-duo-menu-6-x-70-g-1662996/", "product_name": "N&D Farmina Natural Meat Duo Menu 6 x 70 g", "brand": "N&D Farmina Nassfutter", "regular_price": 0.0, "selling_price": 7.49, "price_per_unit": 0.0, "breadcrumbs": "Katze > Katzenfutter > Nassfutter", "description": "Getreidefrei Mit niedrigem glykämischen Index Frei von künstlichen Zusätzen"}
{"url": "https://www.fressnapf.de/p/nd-farmina-natural-fish-trio-menu-6-x-70-g-1662995/", "product_name": "N&D Farmina Natural Fish Trio Menu 6 x 70 g", "brand": "N&D Farmina Nassfutter", "regular_price": 0.0, "selling_price": 7.49, "price_per_unit": 0.0, "breadcrumbs": "Katze > Katzenfutter > Nassfutter", "description": "Getreidefrei Mit niedrigem glykämischen Index Frei von künstlichen Zusätzen"}
{"url": "https://www.fressnapf.de/p/kitekat-multipack-landpicknick-in-sauce-24x85-g-1670775/", "product_name": "Kitekat Multipack Landpicknick in Sauce 24x85 g", "brand": "Kitekat Nassfutter", "regular_price": 0.0, "selling_price": 7.49, "price_per_unit": 0.0, "breadcrumbs": "Katze > Katzenfutter > Nassfutter", "description": "Liefert alle wichtigen Nährstoffe und Vitamine 100% vollständig und ausgewogen Ohne Zusatz von künstlichen Konservierungsstoffen"}
{"url": "https://www.fressnapf.de/p/select-gold-pure-adult-exotic-multipack-6x85g-1497407/", "product_name": "SELECT GOLD Pure Adult Exotic Multipack 6x85g", "brand": "SELECT GOLD Nassfutter", "regular_price": 0.0, "selling_price": 7.79, "price_per_unit": 0.0, "breadcrumbs": "Katze > Katzenfutter > Nassfutter", "description": "Prebiotisch Mit Frischfleisch Ideal bei Unverträglichkeiten"}
{"url": "https://www.fressnapf.de/p/bellfor-hundefutter-nass-mit-insekten-fuer-welpen---landgut-menue-junior---400g-1767078/", "product_name": "Bellfor Hundefutter Nass mit Insekten für Welpen - Landgut-Menü Junior - 400g", "brand": "Bellfor Hundenassfutter", "regular_price": 0.0, "selling_price": 7.99, "price_per_unit": 0.0, "breadcrumbs": "Hund > Hundefutter > Hundenassfutter", "description": "Getreidefreie Rezeptur aus natürlichen Zutaten Mit Insekten als hypoallergene Proteinquelle Sorgfältig abgestimmte Nährstoffzusammensetzung"}
{"url": "https://www.fressnapf.de/p/macs-nassfutter-katze-monoprotein-adult-frisches-pferd-6x200-g-1929270/", "product_name": "MAC's Nassfutter Katze Monoprotein Adult Frisches Pferd 6x200 g", "brand": "MAC's Nassfutter", "regular_price": 0.0, "selling_price": 7.99, "price_per_unit": 0.0, "breadcrumbs": "Katze > Katzenfutter > Nassfutter", "description": "Made in Germany Getreidefrei Glutenfrei"}
{"url": "https://www.fressnapf.de/p/yarrah-bio-adult-trockenfutter-hering-800-g-1069839/", "product_name": "Yarrah Bio Adult Trockenfutter Hering 800 g", "brand": "Yarrah Trockenfutter", "regular_price": 0.0, "selling_price": 7.99, "price_per_unit": 0.0, "breadcrumbs": "Katze > Katzenfutter > Trockenfutter", "description": "Bio - frei von Zusatzstoffen & Pestiziden Mit MSC-Hering, Bio-Huhn, Erbsen und Lupine, für ausgewachsene Katzen Beliebte Geschmacksrichtung Fisch"}
{"url": "https://www.fressnapf.de/p/yarrah-bio-adult-trockenfutter-huhn-800-g-1069842/", "product_name": "Yarrah Bio Adult Trockenfutter Huhn 800 g", "brand": "Yarrah Trockenfutter", "regular_price": 0.0, "selling_price": 7.99, "price_per_unit": 0.0, "breadcrumbs": "Katze > Katzenfutter > Trockenfutter", "description": "Bio - frei von Zusatzstoffen & Pestiziden Mit Bio-Huhn und Erbsen für ausgewachsene Katzen Leicht verdauliche Proteine"}
{"url": "https://www.fressnapf.de/p/orijen-cat-guardian-340-g-1490519/", "product_name": "Orijen Cat Guardian 340 g", "brand": "Orijen Trockenfutter", "regular_price": 0.0, "selling_price": 7.99, "price_per_unit": 0.0, "breadcrumbs": "Katze > Katzenfutter > Trockenfutter", "description": "Mit tierischen GanzeBeute-Zutaten wie Geflügel, Fisch, Innereien und Knochen für eine Ernährung, mit der Ihr Kätzchen wächst und gedeiht. Mit gefriergetrocknetem Überzug für ein Geschmackserlebnis, das Ihre Katze auf Anhieb überzeugt. Mit 8 Vorteilen für die Gesundheit von Immun- und Verdauungssystem, Haut und Fell, fitte Muskeln, Herz, Gelenke, Gehirn- und kognitive Funktionen und Augen."}
{"url": "https://www.fressnapf.de/p/kattovit-multipack-urinary-in-sauce-12x85-g-1386297/", "product_name": "KATTOVIT Multipack Urinary in Sauce 12x85 g", "brand": "KATTOVIT", "regular_price": 0.0, "selling_price": 7.99, "price_per_unit": 0.0, "breadcrumbs": "PLP > VET Diäten > Katze > Urinary", "description": "Für Katzen mit Erkrankungen der unteren Harnwege reduzierter Magnesiumgehalt; mit DL-Methionin&Calciumsulfat Harnsteinprophylaxe (Struvit)"}
{"url": "https://www.fressnapf.de/p/moments-diamond-souffl-multipack-1677211/", "product_name": "MOMENTS Diamond Soufflé MultiPack", "brand": "MOMENTS Nassfutter", "regular_price": 0.0, "selling_price": 7.99, "price_per_unit": 0.0, "breadcrumbs": "Katze > Katzenfutter > Nassfutter", "description": "Köstlich zarte Soufflés für jeden Tag Kleine Portionen für immer frischen Genuss Ohne Zusatz von Zucker, Getreide, Farbstoffen und Koservierungsmittel"}
{"url": "https://www.fressnapf.de/p/whiskas-crunch-mit-huhn-pute-und-ente-5-x-100g-1100114/", "product_name": "Whiskas Crunch mit Huhn, Pute und Ente 5 x 100g", "brand": "Whiskas Snacks", "regular_price": 0.0, "selling_price": 8.25, "price_per_unit": 0.0, "breadcrumbs": "Katze > Katzenfutter > Snacks", "description": "Eignet sich hervorragend als Topping auf Katzenfutter Wichtige Nährstoffe und einen unwiderstehlichen Geschmack Enthält eine Geschmacksvielfalt, die Ihre Katze lieben wird"}
{"url": "https://www.fressnapf.de/p/moments-diamond-souffl-12-x-85-g-gefluegelleber-1714433/", "product_name": "MOMENTS Diamond Soufflé 12 x 85 g Geflügelleber", "brand": "MOMENTS Nassfutter", "regular_price": 0.0, "selling_price": 8.28, "price_per_unit": 0.0, "breadcrumbs": "Katze > Katzenfutter > Nassfutter", "description": "Köstlich zarte Soufflés für jeden Tag Kleine Portionen für immer frischen Genuss Ohne Zusatz von Zucker, Getreide, Farbstoffen und Koservierungsmittel"}
{"url": "https://www.fressnapf.de/p/kattovit-gastro-nassfutter-katze-pat-10x85-g-ente-1838902/", "product_name": "KATTOVIT Gastro Nassfutter Katze Paté 10x85 g Ente", "brand": "KATTOVIT", "regular_price": 0.0, "selling_price": 8.34, "price_per_unit": 0.0, "breadcrumbs": "PLP > VET Diäten > Katze > Schonkost", "description": "Zum Ausgleich bei Verdauungsproblemen und Unterstützung bei Pankreasinsuffizienz Fettarm und leicht verdaulich Hoher Elektrolytgehalt für den Flüssigkeitshaushalt - zarte Pâté"}
{"url": "https://www.fressnapf.de/p/kattovit-urinary-nassfutter-katze-pat-huhn-10x85-g-1838906/", "product_name": "KATTOVIT Urinary Nassfutter Katze Paté Huhn 10x85 g", "brand": "KATTOVIT", "regular_price": 0.0, "selling_price": 8.34, "price_per_unit": 0.0, "breadcrumbs": "PLP > VET Diäten > Katze > Urinary", "description": "Moderater Magnesiumgehalt Zur Vorbeugung von Struvitsteinen / FLUTD Mit harnansäuernden Stoffen - zarte Pâté - mit Huhn"}
{"url": "https://www.fressnapf.de/p/naturally-good-veggies--meat-6x200g-berglinsen-und-lachs-1676417/", "product_name": "Naturally Good Veggies & Meat 6x200g Berglinsen und Lachs", "brand": "Naturally Good Nassfutter", "regular_price": 0.0, "selling_price": 8.34, "price_per_unit": 0.0, "breadcrumbs": "Katze > Katzenfutter > Nassfutter", "description": "Mehr Gemüse, weniger Fleisch Optimal versorgt durch pflanzliche und tierische Proteine Glutenfreie Rezeptur"}
{"url": "https://www.fressnapf.de/p/kattovit-niererenal-nassfutter-katze-pat-huhn-10x85-g-1838904/", "product_name": "KATTOVIT Niere/Renal Nassfutter Katze Paté Huhn 10x85 g", "brand": "KATTOVIT", "regular_price": 0.0, "selling_price": 8.34, "price_per_unit": 0.0, "breadcrumbs": "PLP > VET Diäten > Katze > Nierendiät", "description": "Zur Unterstützung der Nierenfunktion - Oxalatsteinprophylaxe Phosphor-/Natrium-reduziert Zarte Pâté - mit Huhn - besonders schmackhaft"}
{"url": "https://www.fressnapf.de/p/kattovit-sensitive-nassfutter-katze-pat-huhn-10x85-g-1838905/", "product_name": "KATTOVIT Sensitive Nassfutter Katze Paté Huhn 10x85 g", "brand": "KATTOVIT", "regular_price": 0.0, "selling_price": 8.34, "price_per_unit": 0.0, "breadcrumbs": "PLP > VET Diäten > Katze > Schonkost", "description": "Hypoallergene Schonkost, für besonders sensible Katzen Bei Futtermittel-Unverträglichkeiten Exklusions-Diät - zarte Pâté - mit Huhn"}
{"url": "https://www.fressnapf.de/p/i-love-my-cat-freeze-snack-fuer-katzen-mit-lachsfilet---25g-1767149/", "product_name": "I love my cat Freeze-Snack für Katzen mit Lachsfilet - 25g", "brand": "I love my cat Snacks", "regular_price": 0.0, "selling_price": 8.49, "price_per_unit": 0.0, "breadcrumbs": "Katze > Katzenfutter > Snacks", "description": "Aus 100 % Lachsfilet in Lebensmittelqualität Kohlenhydratarm und sehr bekömmlich Ohne künstliche Zusatzstoffe"}
{"url": "https://www.fressnapf.de/p/i-love-my-cat-freeze-snack-fuer-katzen-mit-entenbrust---25g-1767148/", "product_name": "I love my cat Freeze-Snack für Katzen mit Entenbrust - 25g", "brand": "I love my cat Snacks", "regular_price": 0.0, "selling_price": 8.49, "price_per_unit": 0.0, "breadcrumbs": "Katze > Katzenfutter > Snacks", "description": "100 % Entenbrust in Lebensmittelqualität Kohlenhydratarme Leckerbissen Sehr bekömmlich"}
{"url": "https://www.fressnapf.de/p/i-love-my-cat-freeze-snack-fuer-katzen-mit-huehnerherzen---25g-1767103/", "product_name": "I love my cat Freeze-Snack für Katzen mit Hühnerherzen - 25g", "brand": "I love my cat Nassfutter", "regular_price": 0.0, "selling_price": 8.49, "price_per_unit": 0.0, "breadcrumbs": "Katze > Katzenfutter > Nassfutter", "description": "Keine künstlichen Zusatzstoffe: I Love My Cat verwendet keine künstlichen Zusatzstoffe bei der Herstellung und Kreation seiner Leckereien, um die beste Qualität zu gewährleisten. Reich an Nährstoffen: Hühnerherzen sind eine gute Quelle für Eiweiß, Kalium, Eisen, Zink, Phosphor und die Vitamine B, E und Folsäure, die zur Gesundheit Ihrer Katze beitragen. Proteinreiche Snacks: Diese Snacks unterstützen die Vitalität Ihres vierbeinigen Freundes durch ihren hohen Proteingehalt, ideal für eine ausgewogene Ernährung."}
{"url": "https://www.fressnapf.de/p/vitakraft-crispy-crunch-gefluegel-8x60-g-1490010/", "product_name": "Vitakraft Crispy Crunch Geflügel 8x60 g", "brand": "Vitakraft Snacks", "regular_price": 0.0, "selling_price": 8.49, "price_per_unit": 0.0, "breadcrumbs": "Katze > Katzenfutter > Snacks", "description": "Knusprige Getreidekissen, cremig gefüllt Im wiederverschließbaren Beutel für extra Frische Zuckerfreie Rezeptur"}
{"url": "https://www.fressnapf.de/p/whiskas-tasty-mix-multipack-chefs-choice-in-sauce-12x85-g-1412431/", "product_name": "Whiskas Tasty Mix Multipack Chef's Choice in Sauce 12x85 g", "brand": "Whiskas Nassfutter", "regular_price": 0.0, "selling_price": 4.99, "price_per_unit": 0.0, "breadcrumbs": "Katze > Katzenfutter > Nassfutter", "description": "Leckere Geschmackskombinationen in einer köstlichen Mischung Enthält wichtige Nährstoffe, Vitamine und Mineralstoffe Mit vier aufregenden Rezepturen"}
{"url": "https://www.fressnapf.de/p/select-gold-medica-nierendiaet-6x200g-1654754/", "product_name": "SELECT GOLD Medica Nierendiät 6x200g", "brand": "SELECT GOLD", "regular_price": 0.0, "selling_price": 8.94, "price_per_unit": 0.0, "breadcrumbs": "PLP > VET Diäten > Katze > Nierendiät", "description": "Tierärztliche Diät: entwickelt auf Basis tiermedizinischer Theorie und Praxis LOW PHOSPHORUS Niedriger Phosphorgehalt zur Entlastung der Nieren REDUCED PROTEIN Angepasster Proteingehalt zur Entlastung der Nieren"}
{"url": "https://www.fressnapf.de/p/select-gold-medica-harnsteindiaet-6x200g-1654751/", "product_name": "SELECT GOLD Medica Harnsteindiät 6x200g", "brand": "SELECT GOLD", "regular_price": 0.0, "selling_price": 8.94, "price_per_unit": 0.0, "breadcrumbs": "PLP > VET Diäten > Katze > Urinary", "description": "Tierärztliche Diät: entwickelt auf Basis tiermedizinischer Theorie und Praxis STRUVITE DISSOLUTION Die Auflösung vorhandener Struvitsteine wird unterstützt URINE DILUTION Kann das Wiederauftreten von Struvitsteinen verringern"}
{"url": "https://www.fressnapf.de/p/select-gold-medica-schonkost-6x200g-pute-1654752/", "product_name": "SELECT GOLD Medica Schonkost 6x200g Pute", "brand": "SELECT GOLD", "regular_price": 0.0, "selling_price": 8.94, "price_per_unit": 0.0, "breadcrumbs": "PLP > VET Diäten > Katze > Schonkost", "description": "EASILY DIGESTIBLE Leichtverdauliche Ausgangserzeugnisse Tierärztliche Diät: entwickelt auf Basis tiermedizinischer Theorie und Praxis Speziell für Katzen mit gastro-intestinalen Problemen entwickelt"}
{"url": "https://www.fressnapf.de/p/select-gold-medica-reduktion--diabetes-6x200g-1654750/", "product_name": "SELECT GOLD Medica Reduktion & Diabetes 6x200g", "brand": "SELECT GOLD", "regular_price": 0.0, "selling_price": 8.94, "price_per_unit": 0.0, "breadcrumbs": "PLP > VET Diäten > Katze > Diabetes", "description": "Niedriger Energiegehalt zur Gewichtsreduktion Tierärztliche Diät: entwickelt auf Basis tiermedizinischer Theorie und Praxis Langanhaltende Sättigung durch einen hohen Eiweiß- und Ballaststoffgehalt"}
{"url": "https://www.fressnapf.de/p/select-gold-medica-hypoallergen-6x200g-1654753/", "product_name": "SELECT GOLD Medica Hypoallergen 6x200g", "brand": "SELECT GOLD", "regular_price": 0.0, "selling_price": 8.94, "price_per_unit": 0.0, "breadcrumbs": "PLP > VET Diäten > Katze > Hypoallergen", "description": "Tierärztliche Diät: entwickelt auf Basis tiermedizinischer Theorie und Praxis Der hohe Gehalt an essentiellen Fettsäuren kann zu einer Normalisierung der Hautgesundheit beitragen Für Katzen mit Futtermittelintoleranzen oder Futtermittelallergien"}
{"url": "https://www.fressnapf.de/p/i-love-my-cat-freeze-snack-fuer-katzen-mit-insekten-und-karotte---25g-1767232/", "product_name": "I love my cat Freeze-Snack für Katzen mit Insekten und Karotte - 25g", "brand": "I love my cat Snacks", "regular_price": 0.0, "selling_price": 8.99, "price_per_unit": 0.0, "breadcrumbs": "Katze > Katzenfutter > Snacks", "description": "Hypoallergen Kohlenhydratarme Katzenleckerlis Ausgezeichnete Bekömmlichkeit"}
{"url": "https://www.fressnapf.de/p/aniforte-barf-rinderblutpulver-250g-1781186/", "product_name": "AniForte BARF Rinderblutpulver 250g", "brand": "AniForte Ergänzungsfutter & Aufzucht", "regular_price": 0.0, "selling_price": 8.99, "price_per_unit": 0.0, "breadcrumbs": "Hund > Hundefutter > Ergänzungsfutter & Aufzucht", "description": "Beugt ernährungsbedingte Mangelerscheinungen vor Optimale Ergänzung zur Frischfleischfütterung Unterstützt das Leistungsvermögen"}
{"url": "https://www.fressnapf.de/p/macs-macs-nassfutter-katze-adult-ente--gefluegel-6x300-g-1929264/", "product_name": "MAC's MAC´s Nassfutter Katze Adult Ente & Geflügel 6x300 g", "brand": "MAC's Nassfutter", "regular_price": 0.0, "selling_price": 8.99, "price_per_unit": 0.0, "breadcrumbs": "Katze > Katzenfutter > Nassfutter", "description": "Made in Germany Getreidefrei Glutenfrei"}
{"url": "https://www.fressnapf.de/p/yarrah-bio-trockenfutter-fuer-katzen-adultkaetzchen-huhn--fisch-msc-800-g-1326923/", "product_name": "Yarrah Bio Trockenfutter für Katzen Adult/Kätzchen Huhn & Fisch (MSC) 800 g", "brand": "Yarrah Trockenfutter", "regular_price": 0.0, "selling_price": 8.99, "price_per_unit": 0.0, "breadcrumbs": "Katze > Katzenfutter > Trockenfutter", "description": "Bio - frei von Zusatzstoffen & Pestidziden Für Kätzchen geeignet Getreidefrei"}
{"url": "https://www.fressnapf.de/p/kattovit-multipack-niererenal-in-sauce-12x85-g-1386296/", "product_name": "KATTOVIT Multipack Niere/Renal in Sauce 12x85 g", "brand": "KATTOVIT Nassfutter", "regular_price": 0.0, "selling_price": 8.99, "price_per_unit": 0.0, "breadcrumbs": "Katze > Katzenfutter > Nassfutter", "description": "Für Katzen mit eingeschränkter Nierenfunktion Protein&Phosphor reduziert; Nicht-Proteinkalorien erhöht pH-Wert des Urins weniger sauer (neutral)"}
{"url": "https://www.fressnapf.de/p/felix-soup-tender-strips-suppe-24x48g-1901508/", "product_name": "Felix Soup Tender Strips Suppe 24x48g", "brand": "Felix Nassfutter", "regular_price": 0.0, "selling_price": 9.16, "price_per_unit": 0.0, "breadcrumbs": "Katze > Katzenfutter > Nassfutter", "description": "Für mehr Abwechslung im Futternapf Hergestellt mit hochwertigen Zutaten Ohne Zusatz von Farbstoffen oder künstlichen Aroma- & Konservierungsstoffen"}
{"url": "https://www.fressnapf.de/p/dogsn-tiger-herzlich-6x200-g-1817777/", "product_name": "Dogs'n Tiger Herzlich 6x200 g", "brand": "Dogs'n Tiger Katzenfutter", "regular_price": 0.0, "selling_price": 9.45, "price_per_unit": 0.0, "breadcrumbs": "Katze > Katzenfutter", "description": "Mit 70% frischem Fleisch an Huhn & Rind 100% Akzeptanz Ohne Getreide & Zuckerzusätze"}
{"url": "https://www.fressnapf.de/p/dogsn-tiger-katzennassfutter-frohsinn-6x200-g-1817783/", "product_name": "Dogs'n Tiger Katzennassfutter Frohsinn 6x200 g", "brand": "Dogs'n Tiger Nassfutter", "regular_price": 0.0, "selling_price": 9.45, "price_per_unit": 0.0, "breadcrumbs": "Katze > Katzenfutter > Nassfutter", "description": "Vitaminreiches Gemüse & saftige Fleischbrühe Hoher Fleischanteil an Geflügel Ohne Getreide & Zuckerzusätze"}
{"url": "https://www.fressnapf.de/p/dogsn-tiger-freigeist-huhn--lachs-6x200-g-1817785/", "product_name": "Dogs'n Tiger Freigeist Huhn & Lachs 6x200 g", "brand": "Dogs'n Tiger Nassfutter", "regular_price": 0.0, "selling_price": 9.45, "price_per_unit": 0.0, "breadcrumbs": "Katze > Katzenfutter > Nassfutter", "description": "Mit 70% frischem Fleisch an Geflügel & Lachs Frisches Muskelfleisch und nahrhafte Innereien 100% Akzeptanz"}
{"url": "https://www.fressnapf.de/p/dogsn-tiger-glueckskind-huhn--forelle-6x200-g-1817781/", "product_name": "Dogs'n Tiger Glückskind Huhn & Forelle 6x200 g", "brand": "Dogs'n Tiger Nassfutter", "regular_price": 0.0, "selling_price": 9.45, "price_per_unit": 0.0, "breadcrumbs": "Katze > Katzenfutter > Nassfutter", "description": "Mit 70% frischem Fleisch an Huhn & Forelle Frisches Muskelfleisch und nahrhafte Innereien 100% Akzeptanz"}
{"url": "https://www.fressnapf.de/p/dogsn-tiger-allerliebst-rind--huhn-6x200-g-1817779/", "product_name": "Dogs'n Tiger Allerliebst Rind & Huhn 6x200 g", "brand": "Dogs'n Tiger Nassfutter", "regular_price": 0.0, "selling_price": 9.45, "price_per_unit": 0.0, "breadcrumbs": "Katze > Katzenfutter > Nassfutter", "description": "Mit 70% frischem Fleisch an Huhn & Rind 100% Akzeptanz Handgefertigt in Deutschland"}
{"url": "https://www.fressnapf.de/p/puja-snacks-vitality-body-fuer-katzen-150g-1938839/", "product_name": "PUJA Snacks Vitality Body für Katzen 150g", "brand": "PUJA Snacks", "regular_price": 0.0, "selling_price": 9.9, "price_per_unit": 0.0, "breadcrumbs": "Katze > Katzenfutter > Snacks", "description": "REICH AN VITAMIN A + B + C + ZINK MIT VIEL HUHN & FISCH - GETREIDEFREI 100% NATÜRLICH & NIERENSCHONEND MIT TAURIN"}
{"url": "https://www.fressnapf.de/p/puja-snacks-vitality-skin-fuer-katzen-150g-1938845/", "product_name": "PUJA Snacks Vitality Skin für Katzen 150g", "brand": "PUJA Snacks", "regular_price": 0.0, "selling_price": 9.9, "price_per_unit": 0.0, "breadcrumbs": "Katze > Katzenfutter > Snacks", "description": "Für GLÄNZENDES FELL & SCHÖNE HAUT Reich an wichtigem BIOTIN, EPA & DHA Mit viel HUHN & FISCH, 100% NATÜRLICH"}
{"url": "https://www.fressnapf.de/p/puja-snacks-vitality-teeth-fuer-katzen-150g-1938841/", "product_name": "PUJA Snacks Vitality Teeth für Katzen 150g", "brand": "PUJA Snacks", "regular_price": 0.0, "selling_price": 9.9, "price_per_unit": 0.0, "breadcrumbs": "Katze > Katzenfutter > Snacks", "description": "FÜR GESUNDE ZÄHNE, VERDAUUNG & FRISCHEN ATEM REICH AN HUHN, BRAUNALGE & TAURIN 100% NATÜRLICH & NIERENSCHONEND - GETREIDEFREI"}
{"url": "https://www.fressnapf.de/p/wolfsbacher-natur-lachsoel-katze-100ml-1678066/", "product_name": "Wolfsbacher Natur Lachsöl Katze 100ml", "brand": "Wolfsbacher Natur Ergänzungsfutter & Aufzucht", "regular_price": 0.0, "selling_price": 9.9, "price_per_unit": 0.0, "breadcrumbs": "Katze > Katzenfutter > Ergänzungsfutter & Aufzucht", "description": "FÜR GLÄNZENDES FELL & GESUNDE HAUT REICH AN OMEGA 3 & 6 FETTSÄUREN KALT FILTRIERT & SCHONEND DESTILLIERT"}
{"url": "https://www.fressnapf.de/p/alphazoo-bierhefe-tabletten-fuer-hunde-und-katzen-75-g-1686949/", "product_name": "ALPHAZOO Bierhefe Tabletten für Hunde und Katzen 75 g", "brand": "ALPHAZOO Ergänzungsfutter & Aufzucht", "regular_price": 0.0, "selling_price": 9.95, "price_per_unit": 0.0, "breadcrumbs": "Hund > Hundefutter > Ergänzungsfutter & Aufzucht", "description": "Zur Unterstützung der Abwehrkräfte Für glänzendes, vitales Fell Kompostierbar & Nachhaltig"}
{"url": "https://www.fressnapf.de/p/alphazoo-leckerli-ente-fuer-katzen-200g-1710177/", "product_name": "ALPHAZOO Leckerli Ente für Katzen 200g", "brand": "ALPHAZOO Snacks", "regular_price": 0.0, "selling_price": 9.95, "price_per_unit": 0.0, "breadcrumbs": "Katze > Katzenfutter > Snacks", "description": "Mono-Proteinquelle Hoher Fleischanteil Getreidefrei & Zuckerfrei"}
{"url": "https://www.fressnapf.de/p/alphazoo-hagebutten-pulver-fuer-hunde-und-katzen-250-g-1710196/", "product_name": "ALPHAZOO Hagebutten-Pulver für Hunde und Katzen 250 g", "brand": "ALPHAZOO Ergänzungsfutter & Aufzucht", "regular_price": 0.0, "selling_price": 9.95, "price_per_unit": 0.0, "breadcrumbs": "Hund > Hundefutter > Ergänzungsfutter & Aufzucht", "description": "Unterstützung der Abwehrkräfte Ideales Fruchtfleisch-Kern-Verhältnis Abgefüllt in Deutschland"}
{"url": "https://www.fressnapf.de/p/alphazoo-afrikanische-teufelskralle-gemahlen-fuer-hunde-und-katzen-100-g-1706574/", "product_name": "ALPHAZOO Afrikanische Teufelskralle gemahlen für Hunde und Katzen 100 g", "brand": "ALPHAZOO Ergänzungsfutter & Aufzucht", "regular_price": 0.0, "selling_price": 9.95, "price_per_unit": 0.0, "breadcrumbs": "Hund > Hundefutter > Ergänzungsfutter & Aufzucht", "description": "Reine Teufelskrallenwurzel Nachhaltig & Natürlich Ganz ohne Zusatzstoffe"}
{"url": "https://www.fressnapf.de/p/alphazoo-leckerli-huhn--lachs-fuer-katzen-1710178/", "product_name": "ALPHAZOO Leckerli Huhn & Lachs für Katzen", "brand": "ALPHAZOO Snacks", "regular_price": 0.0, "selling_price": 9.95, "price_per_unit": 0.0, "breadcrumbs": "Katze > Katzenfutter > Snacks", "description": "Natürliche Proteinquelle Hoher Fleischanteil Getreidefrei & Zuckerfrei"}
{"url": "https://www.fressnapf.de/p/alphazoo-premium-leinoel-fuer-hunde--katzen-i-omega-3-leinsamenoel-250-g-1701986/", "product_name": "ALPHAZOO Premium Leinöl für Hunde & Katzen I Omega 3 Leinsamenöl 250 g", "brand": "ALPHAZOO Ergänzungsfutter & Aufzucht", "regular_price": 0.0, "selling_price": 9.95, "price_per_unit": 0.0, "breadcrumbs": "Hund > Hundefutter > Ergänzungsfutter & Aufzucht", "description": "Omega 3: Reines Öl zur Unterstützung von Fell, Haut & Verdauung. Kaltgepresst: Langsam & schonend aus goldenen Leinsamen gepresst. Schonend: Pflanzliche Wahl zum Fischöl, auch für Welpen & Kätzchen."}
{"url": "https://www.fressnapf.de/p/alphazoo-bierhefe-pulver-fuer-hunde-und-katzen-250-g-1710193/", "product_name": "ALPHAZOO Bierhefe-Pulver für Hunde und Katzen 250 g", "brand": "ALPHAZOO Ergänzungsfutter & Aufzucht", "regular_price": 0.0, "selling_price": 9.95, "price_per_unit": 0.0, "breadcrumbs": "Hund > Hundefutter > Ergänzungsfutter & Aufzucht", "description": "Unterstützung von Fell & Haut Fellglanz & Abwehrkräfte Abgefüllt in Deutschland"}
{"url": "https://www.fressnapf.de/p/florie-trockenfutter---kitten-gefluegel-600-g-1687689/", "product_name": "florie Trockenfutter - Kitten Geflügel 600 g", "brand": "florie Trockenfutter", "regular_price": 0.0, "selling_price": 9.99, "price_per_unit": 0.0, "breadcrumbs": "Katze > Katzenfutter > Trockenfutter", "description": "Deutsche Premium-Qualität: hergestellt und verpackt in Deutschland ausgewogenes Alleinfutter zur bedarfsgerechten Versorgung von Kitten und heranwachsenden Katzen auf die spezifischen Bedürfnisse von Jungkatzen abgestimmter Nährstoffmix"}
{"url": "https://www.fressnapf.de/p/florie-trockenfutter---adult-gefluegel-600-g-1687690/", "product_name": "florie Trockenfutter - Adult Geflügel 600 g", "brand": "florie Trockenfutter", "regular_price": 0.0, "selling_price": 9.99, "price_per_unit": 0.0, "breadcrumbs": "Katze > Katzenfutter > Trockenfutter", "description": "Deutsche Premium-Qualität: hergestellt und verpackt in Deutschland mit viel Frischfleisch für hohe Akzeptanz und Verträglichkeit sichert die bedarfsgerechte Mineral- und Vitaminversorgung"}
{"url": "https://www.fressnapf.de/p/perfect-fit-multipack-senior-7-mit-truthahn-karotten-hochseefisch-12-x-85g-1652825/", "product_name": "PERFECT FIT Multipack Senior 7+ mit Truthahn, Karotten, Hochseefisch 12 x 85g", "brand": "PERFECT FIT Nassfutter", "regular_price": 0.0, "selling_price": 9.99, "price_per_unit": 0.0, "breadcrumbs": "Katze > Katzenfutter > Nassfutter", "description": "Hilft ein starkes und gesundes Herz zu erhalten Unterstützt die ganzheitliche Gesundheit des Körpers. Die Total-5-Formel bietet fünffachen Rundumschutz"}
{"url": "https://www.fressnapf.de/p/florie-trockenfutter---sensitiv-gefluegel-600-g-1687722/", "product_name": "florie Trockenfutter - Sensitiv Geflügel 600 g", "brand": "florie Trockenfutter", "regular_price": 0.0, "selling_price": 9.99, "price_per_unit": 0.0, "breadcrumbs": "Katze > Katzenfutter > Trockenfutter", "description": "Deutsche Premium-Qualität: hergestellt und verpackt in Deutschland auf die Nährstoffbedürfnisse magenempfindlicher Katzen abgestimmt mit viel frischem Fleisch für hohe Akzeptanz und gute Verträglichkeit"}
{"url": "https://www.fressnapf.de/p/florie-trockenfutter---urinary-gefluegel-600-g-1687721/", "product_name": "florie Trockenfutter - Urinary Geflügel 600 g", "brand": "florie Trockenfutter", "regular_price": 0.0, "selling_price": 9.99, "price_per_unit": 0.0, "breadcrumbs": "Katze > Katzenfutter > Trockenfutter", "description": "Deutsche Premium-Qualität: hergestellt und verpackt in Deutschland reduzierter Proteingehalt zur Entlastung der Harnwege empfindlicher Katzen fördert eine stabile Darmflora und ein starkes Immunsystem"}
{"url": "https://www.fressnapf.de/p/lucky-lou-vorratsdose-mit-trockenfutter-bestueckt-1794356/", "product_name": "Lucky Lou Vorratsdose mit Trockenfutter bestückt", "brand": "Lucky Lou Trockenfutter", "regular_price": 0.0, "selling_price": 9.99, "price_per_unit": 0.0, "breadcrumbs": "Katze > Katzenfutter > Trockenfutter", "description": "3 leckere Lucky Lou Artikel Ideal zum Kennenlernen Praktische Vorratsdose für das Lucky Lou Trockenfutter"}
{"url": "https://www.fressnapf.de/p/i-love-my-cat-kitten-nassfutter-mit-huhn---6x100g-1767143/", "product_name": "I love my cat Kitten Nassfutter mit Huhn - 6x100g", "brand": "I love my cat Hundenassfutter", "regular_price": 0.0, "selling_price": 10.39, "price_per_unit": 0.0, "breadcrumbs": "Hund > Hundefutter > Hundenassfutter", "description": "Mit 65% Huhn für eine bedarfsgerechte Proteinversorgung Aus natürlichen Zutaten in Lebensmittelqualität Ohne Getreide und andere minderwertige Rohstoffe"}
{"url": "https://www.fressnapf.de/p/kattovit-sensitive-nassfutter-katze-10x85-g-huhn-1832539/", "product_name": "KATTOVIT Sensitive Nassfutter Katze 10x85 g Huhn", "brand": "KATTOVIT", "regular_price": 0.0, "selling_price": 10.49, "price_per_unit": 0.0, "breadcrumbs": "PLP > VET Diäten > Katze > Schonkost", "description": "Schonkost für besonders sensible Katzen - bei Futtermittel-Unverträglichkeiten Exklusions-Diät - feine Stückchen Glutenfrei - getreidefrei - 1 Protein"}
{"url": "https://www.fressnapf.de/p/beaphar-lachsoel-430-ml-1327531/", "product_name": "Beaphar Lachsöl 430 ml", "brand": "Beaphar BARF/ Frostfutter", "regular_price": 10.99, "selling_price": 10.49, "price_per_unit": 24.4, "breadcrumbs": "Hund > Hundefutter > BARF/ Frostfutter", "description": "Für Haut, Fell, Kraft und Energie von Hunden und Katzen Mit Omega 3 und 6 Fettsäuren: Optimale Nährstoffversorgung Appetitanregend und aus nachhaltigen Lachszuchten"}
{"url": "https://www.fressnapf.de/p/alphazoo-spirulina-pulver-fuer-hunde-und-katzen-100-g-1718109/", "product_name": "ALPHAZOO Spirulina-Pulver für Hunde und Katzen 100 g", "brand": "ALPHAZOO Ergänzungsfutter & Aufzucht", "regular_price": 0.0, "selling_price": 10.95, "price_per_unit": 0.0, "breadcrumbs": "Hund > Hundefutter > Ergänzungsfutter & Aufzucht", "description": "Unterstützung von Haut & Fell Pflanzliches Chlorophyll Naturprodukt ohne Zusatzstoffe"}
{"url": "https://www.fressnapf.de/p/canina-petvital-bach-blueten---nr-1-notfall-10g-1201008/", "product_name": "Canina Petvital Bach-Blüten - Nr. 1 Notfall 10g", "brand": "Canina Ergänzungsfutter & Aufzucht", "regular_price": 0.0, "selling_price": 10.99, "price_per_unit": 0.0, "breadcrumbs": "Hund > Hundefutter > Ergänzungsfutter & Aufzucht", "description": "Positiver Einfluss auf seelisch belastende Situationen Nach der Lehre von Dr. Edward Bach Keine Nebenwirkungen bekannt"}
{"url": "https://www.fressnapf.de/p/canina-petvital-bach-blueten---nr-3-aggression-10g-1192006/", "product_name": "Canina Petvital Bach-Blüten - Nr. 3 Aggression 10g", "brand": "Canina Ergänzungsfutter & Aufzucht", "regular_price": 0.0, "selling_price": 10.99, "price_per_unit": 0.0, "breadcrumbs": "Hund > Hundefutter > Ergänzungsfutter & Aufzucht", "description": "Positiver Einfluss bei aggressivem Verhalten Positiver Einfluss bei Reizbarkeit Positiver Einfluss bei Intoleranz"}
{"url": "https://www.fressnapf.de/p/canina-petvital-bach-blueten---nr-2-angst-10g-1195769/", "product_name": "Canina Petvital Bach-Blüten - Nr. 2 Angst 10g", "brand": "Canina Ergänzungsfutter & Aufzucht", "regular_price": 0.0, "selling_price": 10.99, "price_per_unit": 0.0, "breadcrumbs": "Hund > Hundefutter > Ergänzungsfutter & Aufzucht", "description": "Positiver Einfluss bei Ängstlichkeit Positiver Einfluss bei Unsicherheit Positiver Einfluss bei Selbstzweifel"}
{"url": "https://www.fressnapf.de/p/i-love-my-cat-freeze-snack-fuer-katzen-mit-riesengarnelen---25g-1767147/", "product_name": "I love my cat Freeze-Snack für Katzen mit Riesengarnelen - 25g", "brand": "I love my cat Snacks", "regular_price": 0.0, "selling_price": 10.99, "price_per_unit": 0.0, "breadcrumbs": "Katze > Katzenfutter > Snacks", "description": "100 % Riesengarnelen in Lebensmittelqualität Kohlenhydratarme Katzenleckerlis Ausgezeichnete Bekömmlichkeit"}
{"url": "https://www.fressnapf.de/p/i-love-my-cat-immun-pulver---35g-1767067/", "product_name": "I love my cat Immun Pulver - 35g", "brand": "I love my cat Ergänzungsfutter & Aufzucht", "regular_price": 0.0, "selling_price": 11.0, "price_per_unit": 0.0, "breadcrumbs": "Katze > Katzenfutter > Ergänzungsfutter & Aufzucht", "description": "Sorgfältig abgestimmte Zusammensetzung Ohne künstliche Zusatzstoffe Von Tierärzten entwickelte Rezeptur"}
{"url": "https://www.fressnapf.de/p/i-love-my-cat-immun-kitten-pulver---35g-1767066/", "product_name": "I love my cat Immun Kitten Pulver - 35g", "brand": "I love my cat Ergänzungsfutter & Aufzucht", "regular_price": 0.0, "selling_price": 11.0, "price_per_unit": 0.0, "breadcrumbs": "Katze > Katzenfutter > Ergänzungsfutter & Aufzucht", "description": "Frei von künstlichen Zusätzen Natürliche Inhaltsstoffe für starke Abwehrkräfte An die Bedürfnisse junger Katzen angepasste Rezeptur"}
{"url": "https://www.fressnapf.de/p/i-love-my-cat-dental-pulver---35g-1767074/", "product_name": "I love my cat Dental Pulver - 35g", "brand": "I love my cat Ergänzungsfutter & Aufzucht", "regular_price": 0.0, "selling_price": 11.0, "price_per_unit": 0.0, "breadcrumbs": "Katze > Katzenfutter > Ergänzungsfutter & Aufzucht", "description": "Ausschließlich natürliche Inhaltsstoffe Ohne künstliche Zusätze Einfach anzuwenden und zu dosieren"}
{"url": "https://www.fressnapf.de/p/i-love-my-cat-gastro-relax-pulver---35g-1767076/", "product_name": "I love my cat Gastro Relax Pulver - 35g", "brand": "I love my cat Snacks", "regular_price": 0.0, "selling_price": 11.0, "price_per_unit": 0.0, "breadcrumbs": "Katze > Katzenfutter > Snacks", "description": "Ausgewählte Inhaltsstoffe in hoher Qualität Für alle Katzen geeignet Gemeinsam mit Tierärzten entwickelt"}
{"url": "https://www.fressnapf.de/p/i-love-my-cat-nierenkraft-pulver---35g-1767069/", "product_name": "I love my cat Nierenkraft Pulver - 35g", "brand": "I love my cat Snacks", "regular_price": 0.0, "selling_price": 11.0, "price_per_unit": 0.0, "breadcrumbs": "Katze > Katzenfutter > Snacks", "description": "Sorgfältig zusammengestellte Kräutermischung Einfache Anwendung als Beigabe zum Futter Frei von künstlichen Zusätzen"}
{"url": "https://www.fressnapf.de/p/acana-premium-pt-lamm-8x85-g-1487530/", "product_name": "ACANA Premium Pâté Lamm 8x85 g", "brand": "ACANA Nassfutter", "regular_price": 0.0, "selling_price": 11.49, "price_per_unit": 0.0, "breadcrumbs": "Katze > Katzenfutter > Nassfutter", "description": "Köstliches Alleinfutter mit Knochenbrühe und einem hohen Anteil an tierischen Zutaten, das jede Katze überzeugt. 80 % Feuchtigkeit als optimale Hydrationsquelle. Omega 3 und 6 aus Lachsöl für gesunde Haut und glänzendes Fell. Kürbis zur Unterstützung der Verdauung."}
{"url": "https://www.fressnapf.de/p/dogsn-tiger-labsal-6x200-g-1738355/", "product_name": "Dogs'n Tiger Labsal 6x200 g", "brand": "Dogs'n Tiger Nassfutter", "regular_price": 0.0, "selling_price": 11.49, "price_per_unit": 0.0, "breadcrumbs": "Katze > Katzenfutter > Nassfutter", "description": "Mit 70% Fleischanteil aus Muskelfleisch und feinen Innereien für ältere und übergewichtige Katzen Leckere Brühe macht die Mahlzeit besonders saftig und sorgt für einen ausgeglichenen Wasserhaushalt Mit Omega 3 Fettsäuren aus Leinöl, die das Fell glänzender und die Haut gesünder wirken lassen kann"}
{"url": "https://www.fressnapf.de/p/dogsn-tiger-nesthaekchen-6x200-g-1738350/", "product_name": "Dogs'n Tiger Nesthäkchen 6x200 g", "brand": "Dogs'n Tiger Nassfutter", "regular_price": 0.0, "selling_price": 11.49, "price_per_unit": 0.0, "breadcrumbs": "Katze > Katzenfutter > Nassfutter", "description": "Mit 70% Fleischanteil aus Muskelfleisch und feinen Innereien für Kätzchen ab 8 Wochen Hochwertiger Algenkalk sorgt für ein gesundes Wachstum Mit Omega 3 Fettsäuren aus Leinöl, die das Fell glänzender und die Haut gesünder wirken lassen kann"}
{"url": "https://www.fressnapf.de/p/acana-premium-pt-kitten-huhn-und-fisch-8x85-g-1487531/", "product_name": "ACANA Premium Pâté Kitten Huhn und Fisch 8x85 g", "brand": "ACANA Nassfutter", "regular_price": 0.0, "selling_price": 11.49, "price_per_unit": 0.0, "breadcrumbs": "Katze > Katzenfutter > Nassfutter", "description": "Köstliches Alleinfutter mit Knochenbrühe und einem hohen Anteil an tierischen Zutaten, das jede Katze überzeugt 80 % Feuchtigkeit als optimale Hydrationsquelle Omega 3 und 6 aus Lachsöl für gesunde Haut und glänzendes Fell. Kürbis zur Unterstützung der Verdauung"}
{"url": "https://www.fressnapf.de/p/select-gold-medica-schonkost-kitten-huhn--reis-12x85-g-1752538/", "product_name": "SELECT GOLD Medica Schonkost Kitten Huhn & Reis 12x85 g", "brand": "SELECT GOLD Nassfutter", "regular_price": 0.0, "selling_price": 11.88, "price_per_unit": 0.0, "breadcrumbs": "Katze > Katzenfutter > Nassfutter", "description": "Leichtverdauliche Ernährung Leichtverdauliches Futtermittel mit erhöhtem Natrium- und Kaliumgehalt. Linderung akuter Resorptionsstörungen des Darms"}
{"url": "https://www.fressnapf.de/p/select-gold-medica-schonkost-ballaststoffreich-huhn-12x85-g-1752537/", "product_name": "SELECT GOLD Medica Schonkost ballaststoffreich Huhn 12x85 g", "brand": "SELECT GOLD Nassfutter", "regular_price": 0.0, "selling_price": 11.88, "price_per_unit": 0.0, "breadcrumbs": "Katze > Katzenfutter > Nassfutter", "description": "Leichtverdauliches Futtermittel mit erhöhtem Natrium- und Kaliumgehalt. Ausgleich unzureichender Verdauung Linderung akuter Resorptionsstörungen des Darms"}
{"url": "https://www.fressnapf.de/p/select-gold-medica-nierendiaet-anfangsstadium-huhn-12x85-g-1752535/", "product_name": "SELECT GOLD Medica Nierendiät Anfangsstadium Huhn 12x85 g", "brand": "SELECT GOLD Nassfutter", "regular_price": 0.0, "selling_price": 11.88, "price_per_unit": 0.0, "breadcrumbs": "Katze > Katzenfutter > Nassfutter", "description": "Niedriger Phosphorgehalt zur Entlastung der Nieren Bei früher Nierenfunktionsschwäche. Tierärztliche Diät: entwickelt mit Tierärzten für Tierernährung und Diätetik"}
{"url": "https://www.fressnapf.de/p/select-gold-medica-schonkost-kalorienreduziert-huhn-12x85-g-1752536/", "product_name": "SELECT GOLD Medica Schonkost kalorienreduziert Huhn 12x85 g", "brand": "SELECT GOLD Nassfutter", "regular_price": 0.0, "selling_price": 11.88, "price_per_unit": 0.0, "breadcrumbs": "Katze > Katzenfutter > Nassfutter", "description": "Leichtverdauliche Ernährung Erhöhter Elektrolytgehalt zur Deckung des Bedarfs bei Flüssigkeitsverlust Linderung akuter Resorptionsstörungen des Darms"}
{"url": "https://www.fressnapf.de/p/select-gold-medica-leberdiaet-huhn--rind-12x85-g-1752539/", "product_name": "SELECT GOLD Medica Leberdiät Huhn & Rind 12x85 g", "brand": "SELECT GOLD Nassfutter", "regular_price": 0.0, "selling_price": 11.88, "price_per_unit": 0.0, "breadcrumbs": "Katze > Katzenfutter > Nassfutter", "description": "Ausgewählte und leichtverdauliche Proteine Unterstützung der Leberfunktion bei chronischer Leberinsuffzizienz Leicht verdauliches Protein zur besseren Verträglichkeit"}
{"url": "https://www.fressnapf.de/p/reavet-omega-3-lachsoel-100ml-1714905/", "product_name": "REAVET Omega-3 Lachsöl 100ml", "brand": "REAVET Ergänzungsfutter & Aufzucht", "regular_price": 0.0, "selling_price": 11.9, "price_per_unit": 0.0, "breadcrumbs": "Katze > Katzenfutter > Ergänzungsfutter & Aufzucht", "description": "100% rein & natürlich für Katzen Für ein seidiges, glänzendes Fell Positiver Einfluss auf das Immunsystem"}
{"url": "https://www.fressnapf.de/p/reavet-bierhefe-pulver-250g-1713398/", "product_name": "REAVET Bierhefe Pulver 250g", "brand": "REAVET Ergänzungsfutter & Aufzucht", "regular_price": 0.0, "selling_price": 11.9, "price_per_unit": 0.0, "breadcrumbs": "Hund > Hundefutter > Ergänzungsfutter & Aufzucht", "description": "Hoher Gehalt an natürlichem Vitamin B-Komplex Für glänzendes, kräftiges Fell und vitale Haut Tägliche Versorgung mit wichtigen Nährstoffen"}
{"url": "https://www.fressnapf.de/p/reavet-wormwood-mix-liquid-50ml-1713424/", "product_name": "REAVET Wormwood Mix Liquid 50ml", "brand": "REAVET Ergänzungsfutter & Aufzucht", "regular_price": 0.0, "selling_price": 11.9, "price_per_unit": 0.0, "breadcrumbs": "Hund > Hundefutter > Ergänzungsfutter & Aufzucht", "description": "Wurmkur sekundierend Mit echtem Wurmkraut Von Experten entwickelt"}
{"url": "https://www.fressnapf.de/p/fellicita-katzensnacks-3x50g-mixpaket-fellonis-fleischstreifen-3-sorten-1844922/", "product_name": "Fellicita Katzensnacks 3x50g Mixpaket Fellonis Fleischstreifen, 3 Sorten", "brand": "Fellicita Snacks", "regular_price": 0.0, "selling_price": 11.94, "price_per_unit": 0.0, "breadcrumbs": "Katze > Katzenfutter > Snacks", "description": "100 % Fleisch/Fisch Konsistenz: knackig-zart und leicht zu teilen Über Buchenholz geräuchert, getreidefrei, hergestellt in der Schweiz"}
{"url": "https://www.fressnapf.de/p/naturally-good-veggies--meat-6x400g-linsen-und-huhn-1676411/", "product_name": "Naturally Good Veggies & Meat 6x400g Linsen und Huhn", "brand": "Naturally Good Nassfutter", "regular_price": 0.0, "selling_price": 11.94, "price_per_unit": 0.0, "breadcrumbs": "Katze > Katzenfutter > Nassfutter", "description": "Mehr Gemüse, weniger Fleisch Optimal versorgt durch pflanzliche und tierische Proteine Glutenfreie Rezeptur"}
{"url": "https://www.fressnapf.de/p/naturally-good-veggies--meat-erbsenprotein--pute-6x400-g-1676412/", "product_name": "Naturally Good Veggies & Meat Erbsenprotein & Pute 6x400 g", "brand": "Naturally Good Nassfutter", "regular_price": 0.0, "selling_price": 11.94, "price_per_unit": 0.0, "breadcrumbs": "Katze > Katzenfutter > Nassfutter", "description": "Mehr Gemüse, weniger Fleisch Optimal versorgt durch pflanzliche und tierische Proteine Weizenfreie Rezeptur"}
{"url": "https://www.fressnapf.de/p/alphazoo-alpha-immun-futteroel-fuer-hunde-und-katzen-250-ml-1706560/", "product_name": "ALPHAZOO Alpha-Immun Futteröl für Hunde und Katzen 250 ml", "brand": "ALPHAZOO Ergänzungsfutter & Aufzucht", "regular_price": 0.0, "selling_price": 11.95, "price_per_unit": 0.0, "breadcrumbs": "Hund > Hundefutter > Ergänzungsfutter & Aufzucht", "description": "Unterstützt das Immunsystem und glänzendes Fell. Ganz ohne Zusatzstoffe Natürlich & Nachhaltig"}
{"url": "https://www.fressnapf.de/p/vetiness-urinary-gel-1928414/", "product_name": "VETINESS Urinary Gel", "brand": "VETINESS", "regular_price": 0.0, "selling_price": 11.95, "price_per_unit": 0.0, "breadcrumbs": "PLP > VET Diäten > Katze > Urinary", "description": "Unterstützung der Blase und Harnwege von Katze Enthält Cranberry, Glucosamin, L-Tryptophan Einfache Verwendung"}
{"url": "https://www.fressnapf.de/p/alphazoo-msm-pulver-fuer-hunde-und-katzen-250-g-1706573/", "product_name": "ALPHAZOO MSM-Pulver für Hunde und Katzen 250 g", "brand": "ALPHAZOO Ergänzungsfutter & Aufzucht", "regular_price": 0.0, "selling_price": 11.95, "price_per_unit": 0.0, "breadcrumbs": "Hund > Hundefutter > Ergänzungsfutter & Aufzucht", "description": "34 % Schwefelgehalt Hoher Meshfaktor Abgefüllt in Deutschland"}
{"url": "https://www.fressnapf.de/p/alphazoo-eierschalen-pulver-fuer-hunde-und-katzen-250-g-1718112/", "product_name": "ALPHAZOO Eierschalen-Pulver für Hunde und Katzen 250 g", "brand": "ALPHAZOO Ergänzungsfutter & Aufzucht", "regular_price": 0.0, "selling_price": 11.95, "price_per_unit": 0.0, "breadcrumbs": "Hund > Hundefutter > Ergänzungsfutter & Aufzucht", "description": "Unterstützung von Knochen & Zähnen Natürliche Kalziumquelle Naturprodukt ohne Zusatzstoffe"}
{"url": "https://www.fressnapf.de/p/alphazoo-kokosmehl-fuer-hunde-und-katzen-250-g-1718114/", "product_name": "ALPHAZOO Kokosmehl für Hunde und Katzen 250 g", "brand": "ALPHAZOO Ergänzungsfutter & Aufzucht", "regular_price": 0.0, "selling_price": 11.95, "price_per_unit": 0.0, "breadcrumbs": "Hund > Hundefutter > Ergänzungsfutter & Aufzucht", "description": "Pflanzliche Eiweißquelle Natürlich & Glutenfrei Abgefüllt in Deutschland"}
{"url": "https://www.fressnapf.de/p/alphazoo-premium-hanfoel-fuer-hunde--katzen-i-entspannung-und-fellglanz-250-g-1705944/", "product_name": "ALPHAZOO Premium Hanföl für Hunde & Katzen I Entspannung und Fellglanz 250 g", "brand": "ALPHAZOO Ergänzungsfutter & Aufzucht", "regular_price": 0.0, "selling_price": 11.95, "price_per_unit": 0.0, "breadcrumbs": "Hund > Hundefutter > Ergänzungsfutter & Aufzucht", "description": "Entspannend: Reines Hanfsamenöl (keine CBD-Tropfen) zum Entspannen. Natürlich: Kaltgepresst aus Hanfsamen des Speisehanfs (Cannabis Sativa). Reichhaltig: Omega 3 & Omega 6 Fettsäuren, auch perfekt zum Barfen."}
{"url": "https://www.fressnapf.de/p/alphazoo-spielfreude-futteroel-fuer-hunde-und-katzen-250-ml-1686956/", "product_name": "ALPHAZOO Spielfreude Futteröl für Hunde und Katzen 250 ml", "brand": "ALPHAZOO Ergänzungsfutter & Aufzucht", "regular_price": 0.0, "selling_price": 11.95, "price_per_unit": 0.0, "breadcrumbs": "Hund > Hundefutter > Ergänzungsfutter & Aufzucht", "description": "Unterstützt die Agilität und macht Lust aufs Herumtoben Ganz ohne Zusatzstoffe Natürlich & Nachhaltig"}
{"url": "https://www.fressnapf.de/p/alphazoo-premium-lachsoel-fuer-hunde--katzen-i-natuerliches-omega-3-fischoel-250-ml-1686952/", "product_name": "ALPHAZOO Premium Lachsöl für Hunde & Katzen I Natürliches Omega-3 Fischöl 250 ml", "brand": "ALPHAZOO Ergänzungsfutter & Aufzucht", "regular_price": 0.0, "selling_price": 11.95, "price_per_unit": 0.0, "breadcrumbs": "Hund > Hundefutter > Ergänzungsfutter & Aufzucht", "description": "Aus norwegischem Lachs aus nachhaltigen Quellen Glänzendes Fell & schöne Haut Besonders Frisch & Geruchsarm"}
{"url": "https://www.fressnapf.de/p/alphazoo-frueher-vogel-magen--darm-pet-liquid-fuer-hunde-katzen-und-nagetiere-1695796/", "product_name": "ALPHAZOO Früher Vogel Magen & Darm Pet Liquid für Hunde, Katzen und Nagetiere", "brand": "ALPHAZOO Ergänzungsfutter & Aufzucht", "regular_price": 0.0, "selling_price": 11.95, "price_per_unit": 0.0, "breadcrumbs": "Hund > Hundefutter > Ergänzungsfutter & Aufzucht", "description": "Harmonisierung von Magen & Darm Nachhaltig & Hochwertig Abgefüllt in Deutschland"}
{"url": "https://www.fressnapf.de/p/alphazoo-pupsbremse-futteroel-fuer-hunde-und-katzen-250-ml-1706552/", "product_name": "ALPHAZOO Pupsbremse Futteröl für Hunde und Katzen 250 ml", "brand": "ALPHAZOO Ergänzungsfutter & Aufzucht", "regular_price": 0.0, "selling_price": 11.95, "price_per_unit": 0.0, "breadcrumbs": "Hund > Hundefutter > Ergänzungsfutter & Aufzucht", "description": "Unterstützt die Verdauung und harmonisiert Magen und Darm Ganz ohne Zusatzstoffe Natürlich & Nachhaltig"}
{"url": "https://www.fressnapf.de/p/yarrah-bio-adult-trockenfutter-fuer-sterilisierte-katzen-huhn--fisch-msc-700-g-1326929/", "product_name": "Yarrah Bio Adult Trockenfutter für sterilisierte Katzen Huhn & Fisch (MSC) 700 g", "brand": "Yarrah Trockenfutter", "regular_price": 0.0, "selling_price": 11.99, "price_per_unit": 0.0, "breadcrumbs": "Katze > Katzenfutter > Trockenfutter", "description": "Bio - frei von Zusatzstoffen & Pestiziden Für sterilisierte Katzen Getreidefrei"}
{"url": "https://www.fressnapf.de/p/wow-cat-adult-multipack-6x125g-1804479/", "product_name": "WOW CAT Adult Multipack 6x125g", "brand": "WOW Nassfutter", "regular_price": 0.0, "selling_price": 11.99, "price_per_unit": 0.0, "breadcrumbs": "Katze > Katzenfutter > Nassfutter", "description": "Hergestellt ohne Getreide Ohne Zuckerzusatz Ohne Tierversuche"}
{"url": "https://www.fressnapf.de/p/i-love-my-cat-katzenfutter-nass-mit-lachs-und-truthahn---6x100g-1767084/", "product_name": "I love my cat Katzenfutter Nass mit Lachs und Truthahn - 6x100g", "brand": "I love my cat Hundenassfutter", "regular_price": 0.0, "selling_price": 11.99, "price_per_unit": 0.0, "breadcrumbs": "Hund > Hundefutter > Hundenassfutter", "description": "Mit extra viel Truthahn und Lachs Ohne Getreide und andere minderwertige Inhaltsstoffe Natürliche Rezeptur für eine artgerechte Ernährung"}
{"url": "https://www.fressnapf.de/p/i-love-my-cat-katzenfutter-nass-mit-huhn---6x100g-1767083/", "product_name": "I love my cat Katzenfutter Nass mit Huhn - 6x100g", "brand": "I love my cat Hundenassfutter", "regular_price": 0.0, "selling_price": 11.99, "price_per_unit": 0.0, "breadcrumbs": "Hund > Hundefutter > Hundenassfutter", "description": "Viel Huhn als hochwertige Proteinquelle Frei von Getreide und anderen ungeeigneten Inhaltsstoffen Natürliche Zutaten für eine ausgewogene Fütterung"}
{"url": "https://www.fressnapf.de/p/kattovit-recovery-drink-12x135ml-1798972/", "product_name": "KATTOVIT Recovery Drink 12x135ml", "brand": "KATTOVIT Katzenmilch & Getränke", "regular_price": 0.0, "selling_price": 11.99, "price_per_unit": 0.0, "breadcrumbs": "Katze > Katzenfutter > Katzenmilch & Getränke", "description": "Mit feinsten Fleischstückchen. Kann die Trinkfreude und den Appetit anregen. Angereichert mit einem B-Vitamin-Komplex und Sonnenblumenöl (Omega-6-Fettsäuren)."}
{"url": "https://www.fressnapf.de/p/whiskas-snack-groom--care-mit-huhn-8x45-g-1808745/", "product_name": "Whiskas Snack Groom & Care mit Huhn 8x45 g", "brand": "Whiskas Snacks", "regular_price": 0.0, "selling_price": 12.19, "price_per_unit": 0.0, "breadcrumbs": "Katze > Katzenfutter > Snacks", "description": "Köstliche Leckerbissen mit einer knusprigen Hülle. Mit leckerem Huhn zubereitet Mit Zink & Omega-6 für Haut & Fell Ohne Zusatz von Farbstoffen"}
{"url": "https://www.fressnapf.de/p/whiskas-snack-pounce--play-mit-huhn-8x45-g-1808746/", "product_name": "Whiskas Snack Pounce & Play mit Huhn 8x45 g", "brand": "Whiskas Snacks", "regular_price": 0.0, "selling_price": 12.19, "price_per_unit": 0.0, "breadcrumbs": "Katze > Katzenfutter > Snacks", "description": "Köstliche Leckerbissen mit einer knusprigen Hülle. Mit leckerem Huhn zubereitet Mit Taurin und B-Vitaminen für Vitalität Ohne Zusatz von Farbstoffen"}
{"url": "https://www.fressnapf.de/p/whiskas-snack-relax--unwind-mit-huhn-8x45-g-1808747/", "product_name": "Whiskas Snack Relax & Unwind mit Huhn 8x45 g", "brand": "Whiskas Snacks", "regular_price": 0.0, "selling_price": 12.19, "price_per_unit": 0.0, "breadcrumbs": "Katze > Katzenfutter > Snacks", "description": "Köstliche Leckerbissen mit einer knusprigen Hülle. Mit leckerem Huhn zubereitet Mit beruhigender Aminosäure zur Entspannung Ohne Zusatz von Farbstoffen"}
{"url": "https://www.fressnapf.de/p/whiskas-vitamin-e-xtra-8-x-50g-1668848/", "product_name": "Whiskas Vitamin E-xtra 8 x 50g", "brand": "Whiskas Snacks", "regular_price": 0.0, "selling_price": 12.19, "price_per_unit": 0.0, "breadcrumbs": "Katze > Katzenfutter > Snacks", "description": "Knusprigen Hülle und einem unwiderstehlich cremigen Kern Zur Unterstützung des Immunsystems Mit leckerem Huhn zubereitete Katzenleckerlis"}
{"url": "https://www.fressnapf.de/p/i-love-my-cat-starter-paket-mit-katzenfutter-nass-mit-huhn-insekten-lachs-und-truthahn---6x100g-1767105/", "product_name": "I love my cat Starter-Paket mit Katzenfutter Nass mit Huhn, Insekten, Lachs und Truthahn - 6x100g", "brand": "I love my cat Hundenassfutter", "regular_price": 0.0, "selling_price": 12.39, "price_per_unit": 0.0, "breadcrumbs": "Hund > Hundefutter > Hundenassfutter", "description": "I love my cat katzenfutter nass enthält weder Getreide noch künstliche Aromen und Geschmacksverstärker oder tierische und pflanzliche Nebenerzeugnisse Das katzenfutter nass von I love my cat sorgt für eine gesunde Verdauung, ein glänzendes Fell und eine vitale Katze Mit unserem katzenfutter nass getreidefrei entscheiden Sie sich dabei für bedarfsgerechte Rezepturen mit einem hohen Gehalt an tierischen Proteinen"}
{"url": "https://www.fressnapf.de/p/fortan-spirulina-pulver-mit-mikroalge-90-g-1711679/", "product_name": "Fortan Spirulina Pulver mit Mikroalge 90 g", "brand": "Fortan Ergänzungsfutter & Aufzucht", "regular_price": 0.0, "selling_price": 12.45, "price_per_unit": 0.0, "breadcrumbs": "Hund > Hundefutter > Ergänzungsfutter & Aufzucht", "description": "Regt die körpereigene Abwehr an Fördert alle Stoffwechselvorgänge Blutbildend und aktiviert die Sauerstoffversorgung der Zellen"}
{"url": "https://www.fressnapf.de/p/sheba-selection-mini-filets-in-sauce-gefluegel-variation-multipack-24x85g-1846698/", "product_name": "Sheba Selection Mini Filets in Sauce Geflügel Variation Multipack 24x85g", "brand": "Sheba Hundenassfutter", "regular_price": 0.0, "selling_price": 12.49, "price_per_unit": 0.0, "breadcrumbs": "Hund > Hundefutter > Hundenassfutter", "description": "Hergestellt mit natürlichen und hochwertigen Zutaten, Vitaminen und Mineralstoffen Bietet deiner Samtpfote täglich eine komplette und ausgewogene Ernährung Ohne künstliche Farb- oder Konservierungsstoffe"}
{"url": "https://www.fressnapf.de/p/sheba-natures-collection-fisch-variation-in-sauce-msc-multipack-24x85g-1846699/", "product_name": "Sheba Nature's Collection Fisch Variation in Sauce MSC Multipack 24x85g", "brand": "Sheba Hundenassfutter", "regular_price": 0.0, "selling_price": 12.49, "price_per_unit": 0.0, "breadcrumbs": "Hund > Hundefutter > Hundenassfutter", "description": "Bietet deiner Samtpfote täglich eine ganzheitliche und ausgewogene Ernährung Getreidefreie Rezepturen, hergestellt mit MSC-zertifiziertem Fisch aus nachhaltiger Fischerei und ohne Zusatz von künstlichen Farb- oder Konservierungsstoffen Eine köstliche Auswahl mit Thunfisch und mit Leinsamenöl, garniert mit Karotten und Erbsen, mit Lachs, garniert mit Kürbis und Petersilie, mit Kabeljau, garniert mit Karotten und Erbsen und mit Seefisch und Leinsamenöl, garniert mit Tomate"}
{"url": "https://www.fressnapf.de/p/i-love-my-cat-vermal-pulver---35g-1767071/", "product_name": "I love my cat Vermal Pulver - 35g", "brand": "I love my cat Snacks", "regular_price": 0.0, "selling_price": 12.5, "price_per_unit": 0.0, "breadcrumbs": "Katze > Katzenfutter > Snacks", "description": "Schaffung eines wurmfeindlichen Milieus im Darm eine unnötige Belastung des Organismus Keine Bildung von Resistenzen"}
{"url": "https://www.fressnapf.de/p/fellicita-rind-pur-6x-200g-1864289/", "product_name": "Fellicita Rind pur 6x 200g", "brand": "Fellicita Nassfutter", "regular_price": 0.0, "selling_price": 12.54, "price_per_unit": 0.0, "breadcrumbs": "Katze > Katzenfutter > Nassfutter", "description": "Monoprotein – Nur eine Fleischsorte Rezepturen aus tierärztlicher Feder - bedarfsgerechte Nährstoffversorgung getreidefrei, ohne künstliche Aroma-, Farb- und Konservierungsstoffe"}
{"url": "https://www.fressnapf.de/p/fellicita-pute-pur-6x-200g-1864290/", "product_name": "Fellicita Pute pur 6x 200g", "brand": "Fellicita Nassfutter", "regular_price": 0.0, "selling_price": 12.54, "price_per_unit": 0.0, "breadcrumbs": "Katze > Katzenfutter > Nassfutter", "description": "Monoprotein – Nur eine Fleischsorte Rezepturen aus tierärztlicher Feder - bedarfsgerechte Nährstoffversorgung getreidefrei, ohne künstliche Aroma-, Farb- und Konservierungsstoffe"}
{"url": "https://www.fressnapf.de/p/josera-sensicat-fuer-empfindliche-katzen-2-kg-1322773/", "product_name": "Josera SensiCat für empfindliche Katzen 2 kg", "brand": "Josera Trockenfutter", "regular_price": 0.0, "selling_price": 12.79, "price_per_unit": 0.0, "breadcrumbs": "Katze > Katzenfutter > Trockenfutter", "description": "Ideal für ausgewachsene Katzen sowie Katzen mit einem empfindlichen Verdauungssystem Extra verträgliche Rezeptur mit leicht verdaulichen Zutaten Diätetische Fasern zur Minderung der Haarballenbildung"}
{"url": "https://www.fressnapf.de/p/reavet-feine-mahlzeit-dreierlei-1kg-1840449/", "product_name": "REAVET Feine Mahlzeit Dreierlei 1kg", "brand": "REAVET Trockenfutter", "regular_price": 0.0, "selling_price": 12.9, "price_per_unit": 0.0, "breadcrumbs": "Katze > Katzenfutter > Trockenfutter", "description": "Viel frisches Fleisch Verfeinert mit reichhaltigem Lachsöl Trockenfutter für Katzen aller Rassen"}
{"url": "https://www.fressnapf.de/p/reavet-omega-3-lachsoel-250ml-1713377/", "product_name": "REAVET Omega-3 Lachsöl 250ml", "brand": "REAVET Ergänzungsfutter & Aufzucht", "regular_price": 0.0, "selling_price": 12.9, "price_per_unit": 0.0, "breadcrumbs": "Hund > Hundefutter > Ergänzungsfutter & Aufzucht", "description": "Besonders reich an Omega-3- & 6-Fettsäuren Förderung der Gelenkfunktion Glänzendes Fell und vitale Haut"}
{"url": "https://www.fressnapf.de/p/lucky-lou-lucky-ones-krunchy-krisps-milch-10x60-g-1808711/", "product_name": "Lucky Lou Lucky Ones Krunchy Krisps Milch 10x60 g", "brand": "Lucky Lou Snacks", "regular_price": 0.0, "selling_price": 12.9, "price_per_unit": 0.0, "breadcrumbs": "Katze > Katzenfutter > Snacks", "description": "Außen knusprig, innen überraschend Frei von Getreide, Zuckerzusätzen und Gentechnik Wahrhaft toller Geschmack"}
{"url": "https://www.fressnapf.de/p/wolfsbacher-natur-bachblueten-einsamkeit-1678091/", "product_name": "Wolfsbacher Natur Bachblüten Einsamkeit", "brand": "Wolfsbacher Natur Snacks", "regular_price": 0.0, "selling_price": 12.9, "price_per_unit": 0.0, "breadcrumbs": "Hund > Hundefutter > Snacks", "description": "BLÜTENMISCHUNG NACH DR. BACH 100% VEGAN OHNE ZUSATZSTOFFE"}
{"url": "https://www.fressnapf.de/p/wolfsbacher-natur-bachblueten-angst-1678090/", "product_name": "Wolfsbacher Natur Bachblüten Angst", "brand": "Wolfsbacher Natur Snacks", "regular_price": 0.0, "selling_price": 12.9, "price_per_unit": 0.0, "breadcrumbs": "Hund > Hundefutter > Snacks", "description": "BLÜTENMISCHUNG NACH DR. BACH 100% VEGAN OHNE ZUSATZSTOFFE"}
{"url": "https://www.fressnapf.de/p/wolfsbacher-natur-ulmenrinde-pulver-1678076/", "product_name": "Wolfsbacher Natur Ulmenrinde Pulver", "brand": "Wolfsbacher Natur Snacks", "regular_price": 0.0, "selling_price": 12.9, "price_per_unit": 0.0, "breadcrumbs": "Hund > Hundefutter > Snacks", "description": "100% AMERIKANISCHE ROTULMENRINDE 100% VEGAN OHNE ZUSATZSTOFFE"}
{"url": "https://www.fressnapf.de/p/wolfsbacher-natur-bachblueten-notfall-1678089/", "product_name": "Wolfsbacher Natur Bachblüten Notfall", "brand": "Wolfsbacher Natur Snacks", "regular_price": 0.0, "selling_price": 12.9, "price_per_unit": 0.0, "breadcrumbs": "Hund > Hundefutter > Snacks", "description": "BLÜTENMISCHUNG NACH DR. BACH 100% VEGAN OHNE ZUSATZSTOFFE"}
{"url": "https://www.fressnapf.de/p/wolfsbacher-natur-multi-vitamin-paste-1855131/", "product_name": "Wolfsbacher Natur Multi-Vitamin Paste", "brand": "Wolfsbacher Natur Ergänzungsfutter & Aufzucht", "regular_price": 0.0, "selling_price": 12.9, "price_per_unit": 0.0, "breadcrumbs": "Katze > Katzenfutter > Ergänzungsfutter & Aufzucht", "description": "MIT 7 WICHTIGEN VITAMINEN FÖRDERT DIE ABWEHRKRAFT MIT TAURIN"}
{"url": "https://www.fressnapf.de/p/wolfsbacher-natur-magen-darm-paste-1855132/", "product_name": "Wolfsbacher Natur Magen-Darm Paste", "brand": "Wolfsbacher Natur Ergänzungsfutter & Aufzucht", "regular_price": 0.0, "selling_price": 12.9, "price_per_unit": 0.0, "breadcrumbs": "Katze > Katzenfutter > Ergänzungsfutter & Aufzucht", "description": "FÖRDERT DIE VERDAUUNG OHNE ZUCKERZUSATZ MIT PROBIOTIKA"}
{"url": "https://www.fressnapf.de/p/wolfsbacher-natur-anti-haarball-paste-1855130/", "product_name": "Wolfsbacher Natur Anti-Haarball Paste", "brand": "Wolfsbacher Natur Ergänzungsfutter & Aufzucht", "regular_price": 0.0, "selling_price": 12.9, "price_per_unit": 0.0, "breadcrumbs": "Katze > Katzenfutter > Ergänzungsfutter & Aufzucht", "description": "MIT HOCHWERTIGEN ÖLEN OHNE ZUCKERZUSATZ MIT MALZ"}
{"url": "https://www.fressnapf.de/p/alphazoo-alpha-barf-futteroel-fuer-hunde-und-katzen-250-ml-1706554/", "product_name": "ALPHAZOO Alpha-Barf Futteröl für Hunde und Katzen 250 ml", "brand": "ALPHAZOO Ergänzungsfutter & Aufzucht", "regular_price": 0.0, "selling_price": 12.95, "price_per_unit": 0.0, "breadcrumbs": "Hund > Hundefutter > Ergänzungsfutter & Aufzucht", "description": "Natürliches, edles Barf Futter Öl für Hund & Katze, Perfekt als Fertigbarf Zugabe oder Frostfutter Topping Omega 3-6-9 Barföl als schmackhafter Barf Snack, Naturprodukt zum Barfen ohne Zusätze Perfektes Futteröl für Hundefutter & Katzenfutter"}
{"url": "https://www.fressnapf.de/p/cdvet-moortraenke-250-ml-1688141/", "product_name": "cdVet Moortränke 250 ml", "brand": "cdVet Ergänzungsfutter & Aufzucht", "regular_price": 0.0, "selling_price": 12.95, "price_per_unit": 0.0, "breadcrumbs": "Hund > Hundefutter > Ergänzungsfutter & Aufzucht", "description": "rein natürlich, ohne Zusätze / 100% aus der organischen Substanz von Urpflanzen sanfte Regulation der Magen und Darmtätigkeit Einfache Anwendung, gute Wirkung"}
{"url": "https://www.fressnapf.de/p/singulares-leinoel-500-ml-1710165/", "product_name": "Singulares Leinöl 500 ml", "brand": "Singulares Ergänzungsfutter & Aufzucht", "regular_price": 0.0, "selling_price": 12.95, "price_per_unit": 0.0, "breadcrumbs": "Hund > Hundefutter > Ergänzungsfutter & Aufzucht", "description": "Einzelfuttermittel für Tiere aus 100% nativem Leinöl aus schonender erster Kaltpressung nach bewährtem cdVet-Verfahren Das Leinöl hat von Natur aus einen hohen Gehalt an ungesättigten Fettsäuren, davon bis 57 % Omega-3-Fettsäuren Unterstützt den natürlichen Ausgleich des Omega-6 zu Omega-3-Fettsäuren Verhältnisses im Körper"}
{"url": "https://www.fressnapf.de/p/alphazoo-fellliebe-futteroel-fuer-hunde-und-katzen-250-ml-1686954/", "product_name": "ALPHAZOO Fellliebe Futteröl für Hunde und Katzen 250 ml", "brand": "ALPHAZOO Ergänzungsfutter & Aufzucht", "regular_price": 0.0, "selling_price": 12.95, "price_per_unit": 0.0, "breadcrumbs": "Hund > Hundefutter > Ergänzungsfutter & Aufzucht", "description": "Perfekt für die Fellpflege von innen Ganz ohne Zusatzstoffe Natürlich & Nachhaltig"}
{"url": "https://www.fressnapf.de/p/felitatz-kittenmilch-90g-90-g-1670288/", "product_name": "feliTATZ Kittenmilch 90g 90 g", "brand": "feliTATZ Ergänzungsfutter & Aufzucht", "regular_price": 0.0, "selling_price": 12.95, "price_per_unit": 0.0, "breadcrumbs": "Katze > Katzenfutter > Ergänzungsfutter & Aufzucht", "description": "Zur Versorgung und Ernährung von verwaisten Kitten Zum Schutz vor Mangelernährung bei Milchmangel und bei großen Würfen Die Zusammensetzung ist bestmöglich an die Muttermilch angepasst"}
{"url": "https://www.fressnapf.de/p/alphazoo-marine-kollagen-pulver-fuer-hunde-und-katzen-100-g-1710191/", "product_name": "ALPHAZOO Marine Kollagen-Pulver für Hunde und Katzen 100 g", "brand": "ALPHAZOO Ergänzungsfutter & Aufzucht", "regular_price": 0.0, "selling_price": 12.95, "price_per_unit": 0.0, "breadcrumbs": "Hund > Hundefutter > Ergänzungsfutter & Aufzucht", "description": "Bioaktive Kollagenpeptide Natürliches Kollagenhydrolysat Ganz ohne Zusatzstoffe"}
{"url": "https://www.fressnapf.de/p/fit-barf-eierschalenpulver-300-g-1710159/", "product_name": "Fit-BARF Eierschalenpulver 300 g", "brand": "Fit-BARF Ergänzungsfutter & Aufzucht", "regular_price": 0.0, "selling_price": 12.95, "price_per_unit": 0.0, "breadcrumbs": "Hund > Hundefutter > Ergänzungsfutter & Aufzucht", "description": "Einzelfuttermittel zur optimalen Versorgung mit natürlichem Kalzium Enthält 100% fein vermahlene Eierschalen mit einer hohen Bioverfügbarkeit Kalzium trägt zur Knochengesundheit sowie der Mineralisierung und Knochendichte bei"}
{"url": "https://www.fressnapf.de/p/fit-barf-gemuesemix-1698258/", "product_name": "Fit-BARF GemüseMix", "brand": "Fit-BARF Ergänzungsfutter & Aufzucht", "regular_price": 0.0, "selling_price": 12.95, "price_per_unit": 0.0, "breadcrumbs": "Hund > Hundefutter > Ergänzungsfutter & Aufzucht", "description": "6 Gemüsesorten Für Hunde und Katzen jeden Alters (Jung, Adult, Senior) und jeder Rasse geeignet SICHER & NATÜRLICH: 100% natürlicher, gluten- und getreidefreier Futterzusatz, der vollkommen frei von künstlichen Zusatzstoffen ist"}
{"url": "https://www.fressnapf.de/p/singulares-d3-dorschlebertran-1757485/", "product_name": "Singulares D3 Dorschlebertran", "brand": "Singulares Ergänzungsfutter & Aufzucht", "regular_price": 0.0, "selling_price": 12.95, "price_per_unit": 0.0, "breadcrumbs": "Hund > Hundefutter > Ergänzungsfutter & Aufzucht", "description": "Einzelfuttermittel für Tiere - 100% Dorschlebertran ohne Zusätze natürlicher hochwertiger Lieferant für Omega-3-Fettsäuren und Vitamin D Vitamin D ist ein wichtiger Bestandteil für den Knochenaufbau und hilft bei der Regulierung des Kalzium-Haushalts"}
{"url": "https://www.fressnapf.de/p/alphazoo-seealgenmehl-fuer-hunde-und-katzen-250-g-1718116/", "product_name": "ALPHAZOO Seealgenmehl für Hunde und Katzen 250 g", "brand": "ALPHAZOO Ergänzungsfutter & Aufzucht", "regular_price": 0.0, "selling_price": 12.95, "price_per_unit": 0.0, "breadcrumbs": "Hund > Hundefutter > Ergänzungsfutter & Aufzucht", "description": "Unterstützung von Haut, Fell & Schilddrüse Natürlicher Jod-Lieferant Naturprodukt ohne Zusatzstoffe"}
{"url": "https://www.fressnapf.de/p/fit-barf-prebiotic-200-g-1757487/", "product_name": "Fit-BARF Prebiotic 200 g", "brand": "Fit-BARF Ergänzungsfutter & Aufzucht", "regular_price": 0.0, "selling_price": 12.95, "price_per_unit": 0.0, "breadcrumbs": "Hund > Hundefutter > Ergänzungsfutter & Aufzucht", "description": "für ein gesundes Fell und eine schöne Haut Förderung einer stabilen Verdauung Unterstützung der körpereigenen Abwehrkräfte"}
{"url": "https://www.fressnapf.de/p/fit-barf-cerealmix-1698259/", "product_name": "Fit-BARF CerealMix", "brand": "Fit-BARF Ergänzungsfutter & Aufzucht", "regular_price": 0.0, "selling_price": 12.95, "price_per_unit": 0.0, "breadcrumbs": "Hund > Hundefutter > Ergänzungsfutter & Aufzucht", "description": "reich an Ballaststoffen hochwertige & natürliche Zutaten für Hunde jeden Alters (Jung, Adult, Senior) und jeder Rasse geeignet"}
{"url": "https://www.fressnapf.de/p/alphazoo-seelenruhe-futteroel-fuer-hunde-und-katzen-250-ml-1686958/", "product_name": "ALPHAZOO Seelenruhe Futteröl für Hunde und Katzen 250 ml", "brand": "ALPHAZOO Ergänzungsfutter & Aufzucht", "regular_price": 0.0, "selling_price": 12.95, "price_per_unit": 0.0, "breadcrumbs": "Hund > Hundefutter > Ergänzungsfutter & Aufzucht", "description": "Unterstütze Dein Haustier, Ruhe zu finden Bei Unruhe & Angst Natürlich & Nachhaltig"}
{"url": "https://www.fressnapf.de/p/cdvet-darmaktiv-hund--katze-1275783/", "product_name": "cdVet DarmAktiv Hund & Katze", "brand": "cdVet Ergänzungsfutter & Aufzucht", "regular_price": 0.0, "selling_price": 12.95, "price_per_unit": 0.0, "breadcrumbs": "Hund > Hundefutter > Ergänzungsfutter & Aufzucht", "description": "Zur Unterstützung der Darmflora Fütterungsbedingten Unterstützung der Darmflora und des Immunsystems 100% Naturprodukt"}
{"url": "https://www.fressnapf.de/p/moments-nassfutter-fuer-katzen-senior-adult-12x70-g-1830425/", "product_name": "MOMENTS Nassfutter für Katzen Senior Adult 12x70 g", "brand": "MOMENTS Nassfutter", "regular_price": 0.0, "selling_price": 12.96, "price_per_unit": 0.0, "breadcrumbs": "Katze > Katzenfutter > Nassfutter", "description": "Aus hochwertigem Hühnerfilet Schonend gegart für besondere Genussmomente Perfekt geeignet für ältere Katzen"}
{"url": "https://www.fressnapf.de/p/noms-kaltgepresstes-hanfoel-fuer-hunde--katzen-250ml-1920306/", "product_name": "noms+ Kaltgepresstes Hanföl für Hunde & Katzen 250ml", "brand": "noms+ Ergänzungsfutter & Aufzucht", "regular_price": 0.0, "selling_price": 12.99, "price_per_unit": 0.0, "breadcrumbs": "Hund > Hundefutter > Ergänzungsfutter & Aufzucht", "description": "enthält nativ mindestens 70% Omega-3- und Omega-6-Fettsäuren unterstützt Bewegungsapparat, Stoffwechsel sowie Haut & Fell"}
{"url": "https://www.fressnapf.de/p/noms-beruhigungspaste-xxl-fuer-katzen-100ml-1920309/", "product_name": "noms+ Beruhigungspaste XXL für Katzen 100ml", "brand": "noms+ Ergänzungsfutter & Aufzucht", "regular_price": 0.0, "selling_price": 12.99, "price_per_unit": 0.0, "breadcrumbs": "Hund > Hundefutter > Ergänzungsfutter & Aufzucht", "description": "Beruhigende Malzpaste für Katzen natürliche Entspannung ohne müde zu machen mit Hanf, Hopfen und der essenziellen Aminosäure L-Tryptophan"}
{"url": "https://www.fressnapf.de/p/miamor-ragout-royale-in-sauce-ente-22x100-g-1844547/", "product_name": "Miamor Ragout Royale in Sauce Ente 22x100 g", "brand": "Miamor Nassfutter", "regular_price": 0.0, "selling_price": 12.99, "price_per_unit": 0.0, "breadcrumbs": "Katze > Katzenfutter > Nassfutter", "description": "Artgerechte Fleischnahrung für Katzen Leckere Ragout-Stückchen, Vitamine und Mineralstoffe in köstlicher Sauce Unterstützt die Flüssigkeitsaufnahme"}
{"url": "https://www.fressnapf.de/p/dogsn-tiger-koestlich-6x200-g-1738353/", "product_name": "Dogs'n Tiger Köstlich 6x200 g", "brand": "Dogs'n Tiger Nassfutter", "regular_price": 0.0, "selling_price": 12.99, "price_per_unit": 0.0, "breadcrumbs": "Katze > Katzenfutter > Nassfutter", "description": "Mit 70% Fleischanteil aus Muskelfleisch und feinen Innereien für erwachsene Katzen Leckere Brühe macht die Mahlzeit besonders saftig und sorgt für einen ausgeglichenen Wasserhaushalt Mit Omega 3 Fettsäuren aus Leinöl, die das Fell glänzender und die Haut gesünder wirken lassen kann"}
{"url": "https://www.fressnapf.de/p/dogsn-tiger-leibspeise-6x200-g-1738352/", "product_name": "Dogs'n Tiger Leibspeise 6x200 g", "brand": "Dogs'n Tiger Nassfutter", "regular_price": 0.0, "selling_price": 12.99, "price_per_unit": 0.0, "breadcrumbs": "Katze > Katzenfutter > Nassfutter", "description": "Mit 70% Fleischanteil aus Muskelfleisch und feinen Innereien für erwachsene Katzen Leckere Brühe macht die Mahlzeit besonders saftig und sorgt für einen ausgeglichenen Wasserhaushalt Mit Omega 3 Fettsäuren aus Leinöl, die das Fell glänzender und die Haut gesünder wirken lassen kann"}
{"url": "https://www.fressnapf.de/p/josera-culinesse-2-kg-1322766/", "product_name": "Josera Culinesse 2 kg", "brand": "Josera Trockenfutter", "regular_price": 0.0, "selling_price": 12.99, "price_per_unit": 0.0, "breadcrumbs": "Katze > Katzenfutter > Trockenfutter", "description": "Mit moderatem Fettgehalt ideal für ausgewachsene Katzen (Indoor und Outdoor) Mit leckerem Lachs und erlesenem Lachsöl für echte Feinschmecker Wertvolle Fettsäuren aus dem Lachsöl sowie Vitamine und Spurenelemente sorgen für eine gesunde Haut & glänzendes Fell"}
{"url": "https://www.fressnapf.de/p/beaphar-leinoel-430-ml-1378433/", "product_name": "Beaphar Leinöl 430 ml", "brand": "Beaphar BARF/ Frostfutter", "regular_price": 0.0, "selling_price": 12.99, "price_per_unit": 0.0, "breadcrumbs": "Hund > Hundefutter > BARF/ Frostfutter", "description": "Mit gesunden Omega 3 & 6 Fettsäuren: Für Haut und Fell Vegan: die pflanzliche Alternative Praktisch Dosierbar und lange Frisch in der Flasche"}
{"url": "https://www.fressnapf.de/p/dogsn-tiger-wohltat-6x200-g-1738354/", "product_name": "Dogs'n Tiger Wohltat 6x200 g", "brand": "Dogs'n Tiger Nassfutter", "regular_price": 0.0, "selling_price": 12.99, "price_per_unit": 0.0, "breadcrumbs": "Katze > Katzenfutter > Nassfutter", "description": "Mit 70% Fleischanteil aus Muskelfleisch und feinen Innereien für erwachsene Katzen Leckere Brühe macht die Mahlzeit besonders saftig und sorgt für einen ausgeglichenen Wasserhaushalt Mit Omega 3 Fettsäuren aus Leinöl, die das Fell glänzender und die Haut gesünder wirken lassen kann"}
{"url": "https://www.fressnapf.de/p/dogsn-tiger-schmaus-6x200-g-1738351/", "product_name": "Dogs'n Tiger Schmaus 6x200 g", "brand": "Dogs'n Tiger Nassfutter", "regular_price": 0.0, "selling_price": 12.99, "price_per_unit": 0.0, "breadcrumbs": "Katze > Katzenfutter > Nassfutter", "description": "Mit 70% Fleischanteil aus Muskelfleisch und feinen Innereien für erwachsene Katzen Leckere Brühe macht die Mahlzeit besonders saftig und sorgt für einen ausgeglichenen Wasserhaushalt Mit Omega 3 Fettsäuren aus Leinöl, die das Fell glänzender und die Haut gesünder wirken lassen kann"}
{"url": "https://www.fressnapf.de/p/i-love-my-cat-katzenfutter-nass-mit-insekten---6x100g-1767082/", "product_name": "I love my cat Katzenfutter Nass mit Insekten - 6x100g", "brand": "I love my cat Hundenassfutter", "regular_price": 0.0, "selling_price": 12.99, "price_per_unit": 0.0, "breadcrumbs": "Hund > Hundefutter > Hundenassfutter", "description": "Insekten als hypoallergene Eiweißquelle Hochwertige Alternative für allergische Katzen Frei von Getreide und anderen minderwertigen Zutaten"}
{"url": "https://www.fressnapf.de/p/josera-legr-2-kg-1322769/", "product_name": "Josera Legér 2 kg", "brand": "Josera Trockenfutter", "regular_price": 0.0, "selling_price": 12.99, "price_per_unit": 0.0, "breadcrumbs": "Katze > Katzenfutter > Trockenfutter", "description": "Ideal für kastrierte, wenig aktive oder zu Übergewicht neigende Katzen Spezielle diätetische Fasern erhöhen die Sättigung und können der Haarballenbildung entgegenwirken Hoher Proteingehalt regt den Stoffwechsel an, L-Carnitin unterstützt den Fettstoffwechsel"}
{"url": "https://www.fressnapf.de/p/vitakraft-choupette-kaese-9x40-g-1780505/", "product_name": "Vitakraft Choupette Käse 9x40 g", "brand": "Vitakraft Snacks", "regular_price": 0.0, "selling_price": 12.99, "price_per_unit": 0.0, "breadcrumbs": "Katze > Katzenfutter > Snacks", "description": "Fleischiger Snack für Katzen Mit köstlicher Käsefüllung Schonend im Ofen gegart"}
{"url": "https://www.fressnapf.de/p/naturally-good-veggies--meat-katzenfutter-vorteilspack-12x100-g-1677179/", "product_name": "Naturally Good Veggies & Meat Katzenfutter Vorteilspack 12x100 g", "brand": "Naturally Good Nassfutter", "regular_price": 0.0, "selling_price": 12.99, "price_per_unit": 0.0, "breadcrumbs": "Katze > Katzenfutter > Nassfutter", "description": "Mehr Gemüse, weniger Fleisch Optimal versorgt durch pflanzliche und tierische Proteine Weizenfreie Rezeptur"}
{"url": "https://www.fressnapf.de/p/kattovit-gastro-drink-12x135ml-1798971/", "product_name": "KATTOVIT Gastro Drink 12x135ml", "brand": "KATTOVIT Katzenmilch & Getränke", "regular_price": 0.0, "selling_price": 12.99, "price_per_unit": 0.0, "breadcrumbs": "Katze > Katzenfutter > Katzenmilch & Getränke", "description": "Mit feinsten Fleischstückchen. Erhöhter Elektrolytgehalt. Angereichert mit Oligofructose."}
{"url": "https://www.fressnapf.de/p/josera-catelux-2-kg-1322765/", "product_name": "Josera Catelux 2 kg", "brand": "Josera Trockenfutter", "regular_price": 0.0, "selling_price": 13.19, "price_per_unit": 0.0, "breadcrumbs": "Katze > Katzenfutter > Trockenfutter", "description": "Extra schmackhaft für anspruchsvolle Katzen Wertvolle Fettsäuren, Vitamine und Spurenelemente sorgen für eine gesunde Haut & glänzendes Fell Anti-Haarballen, dank spezieller diätetischer Fasern"}
{"url": "https://www.fressnapf.de/p/fellicita-multipack-single-protein-6x200-g-1927134/", "product_name": "Fellicita Multipack Single Protein 6x200 g", "brand": "Fellicita Nassfutter", "regular_price": 0.0, "selling_price": 13.38, "price_per_unit": 0.0, "breadcrumbs": "Katze > Katzenfutter > Nassfutter", "description": "5 leckere Monoprotein-Sorten in einem Mixpack Rezepturen aus tierärztlicher Feder - bedarfsgerechte Nährstoffversorgung getreidefrei, ohne künstliche Aroma-, Farb- und Konservierungsstoffe"}
{"url": "https://www.fressnapf.de/p/mjamjam-quetschie-purer-fleischgenuss-6x300-g-pute-1717435/", "product_name": "MjAMjAM Quetschie Purer Fleischgenuss 6x300 g Pute", "brand": "MjAMjAM Nassfutter", "regular_price": 0.0, "selling_price": 13.49, "price_per_unit": 0.0, "breadcrumbs": "Katze > Katzenfutter > Nassfutter", "description": "Ganz ohne Getreide oder Gluten Ohne Zuckerzusatz Ganz ohne synthetische Konservierungsstoffe"}
{"url": "https://www.fressnapf.de/p/josera-daily-cat-2-kg-1322767/", "product_name": "Josera Daily Cat 2 kg", "brand": "Josera Trockenfutter", "regular_price": 0.0, "selling_price": 13.49, "price_per_unit": 0.0, "breadcrumbs": "Katze > Katzenfutter > Trockenfutter", "description": "Tägliche Extraportion köstliches Geflügel nach dem Geschmack Ihres Stubentigers. (entspricht etwa 130 g Frischfleisch pro 100 g Trockenfutter) Wertvolle Fettsäuren, Vitamine und Spurenelemente für eine gesunde Haut und glänzendes Fell Erlesene Kräuter und gesunde Früchte als leckere Abwechslung"}
{"url": "https://www.fressnapf.de/p/josera-kitten-grainfree-fuer-kaetzchen-2-kg-1343778/", "product_name": "Josera Kitten Grainfree für Kätzchen 2 kg", "brand": "Josera Trockenfutter", "regular_price": 0.0, "selling_price": 13.49, "price_per_unit": 0.0, "breadcrumbs": "Katze > Katzenfutter > Trockenfutter", "description": "Für heranwachsende Katzen sowie Katzen-Mütter in der Trage- und Säugezeit Extraportion leckeres Geflügel für ein überzeugendes Geschmackserlebnis, entspricht etwa 140 g Frischfleisch pro 100 g Trockenfutter Mit wertvollem Lachsöl, leicht verdauliche, getreidefreie Rezeptur"}
{"url": "https://www.fressnapf.de/p/josera-kitten-fuer-kaetzchen-2-kg-1322768/", "product_name": "Josera Kitten für Kätzchen 2 kg", "brand": "Josera Trockenfutter", "regular_price": 0.0, "selling_price": 13.49, "price_per_unit": 0.0, "breadcrumbs": "Katze > Katzenfutter > Trockenfutter", "description": "Für heranwachsende Katzen bis zum 1. Lebensjahr sowie Katzen-Mütter in der Trage- und Säugezeit Mit viel Energie, Protein und wertvollem Lachsöl für die besonderen Ansprüche in den wichtigsten Lebensphasen Leicht verdaulich, mit diätetischen Fasern, die der Haarballenbildung entgegenwirken können"}
{"url": "https://www.fressnapf.de/p/josera-naturelle-2-kg-1322772/", "product_name": "Josera Naturelle 2 kg", "brand": "Josera Trockenfutter", "regular_price": 0.0, "selling_price": 13.49, "price_per_unit": 0.0, "breadcrumbs": "Katze > Katzenfutter > Trockenfutter", "description": "Moderater Fettgehalt speziell für Indoor- und kastrierte Katzen Köstliche Forelle und Linse als Hauptbestandteile Mit Zahnsteinprophylaxe und Förderung eines pH-Werts im Urin von 6,0 - 6,5 zur Vorbeugung von Harnsteinbildung"}
{"url": "https://www.fressnapf.de/p/josera-multipack-pat-6-x-85g-1327193/", "product_name": "Josera Multipack Paté (6 x 85g)", "brand": "Josera Nassfutter", "regular_price": 0.0, "selling_price": 13.49, "price_per_unit": 0.0, "breadcrumbs": "Katze > Katzenfutter > Nassfutter", "description": "Ideal für wählerische Katzen Praktischer Multipack mit 3 leckeren Sorten Alle Sorten auch einzeln erhältlich"}
{"url": "https://www.fressnapf.de/p/bettys-landhauskueche-senior-huehnchen-mit-kuerbis--lachsoel-6x-200g-fuer-katze-1750072/", "product_name": "Betty's Landhausküche SENIOR Hühnchen mit Kürbis & Lachsöl 6x 200g für Katze", "brand": "Betty's Landhausküche Nassfutter", "regular_price": 0.0, "selling_price": 13.74, "price_per_unit": 0.0, "breadcrumbs": "Katze > Katzenfutter > Nassfutter", "description": "Ohne Zusatz von Farb-, Geschmacks- und Konservierungsstoffen, getreidefrei hohe Bioverfügbarkeit, beste Rohstoffqualität, für alle Katzenrassen geeignet, extra schonend gegart gesunder Stoffwechsel dank Taurin & L-Carnitin, hergestellt in Deutschland"}
{"url": "https://www.fressnapf.de/p/bettys-landhauskueche-senior-rind-mit-truthahn-moehrchen--lachsoel-6x-200g-fuer-katze-1750073/", "product_name": "Betty's Landhausküche SENIOR Rind mit Truthahn, Möhrchen & Lachsöl 6x 200g für Katze", "brand": "Betty's Landhausküche Nassfutter", "regular_price": 0.0, "selling_price": 13.74, "price_per_unit": 0.0, "breadcrumbs": "Katze > Katzenfutter > Nassfutter", "description": "Ohne Zusatz von Farb-, Geschmacks- und Konservierungsstoffen, getreidefrei hohe Bioverfügbarkeit, beste Rohstoffqualität, für alle Katzenrassen geeignet, extra schonend gegart gesunder Stoffwechsel dank Taurin & L-Carnitin, hergestellt in Deutschland"}
{"url": "https://www.fressnapf.de/p/josera-naturecat-2-kg-1322771/", "product_name": "Josera NatureCat 2 kg", "brand": "Josera Trockenfutter", "regular_price": 0.0, "selling_price": 13.79, "price_per_unit": 0.0, "breadcrumbs": "Katze > Katzenfutter > Trockenfutter", "description": "Mit 30% getrocknetem Geflügelprotein und 10% getrocknetem Lachsprotein Erlesene Kräuter und gesunde Früchte runden die Rezeptur ab und bieten Ihrer Katze eine leckere Abwechslung Ein pH-Wert im Urin von 6,0 - 6,5 wird gefördert und kann der Harnsteinbildung entgegenwirken"}
{"url": "https://www.fressnapf.de/p/annimally-bierhefe-tabletten-1721726/", "product_name": "Annimally Bierhefe Tabletten", "brand": "Annimally Ergänzungsfutter & Aufzucht", "regular_price": 0.0, "selling_price": 13.85, "price_per_unit": 0.0, "breadcrumbs": "Hund > Hundefutter > Ergänzungsfutter & Aufzucht", "description": "Für glänzendes, gesundes Fell, starke Krallen und eine funktionierende Verdauung."}
{"url": "https://www.fressnapf.de/p/fit-barf-bm-hefe-1757486/", "product_name": "Fit-BARF BM-Hefe", "brand": "Fit-BARF Ergänzungsfutter & Aufzucht", "regular_price": 0.0, "selling_price": 13.95, "price_per_unit": 0.0, "breadcrumbs": "Hund > Hundefutter > Ergänzungsfutter & Aufzucht", "description": "Einzelfuttermittel zur optimalen Versorgung von Fell & Haut Bierhefe enthält Biotin, Folsäure, Eisen, Zink und Spurenelemente Für die individuelle Zusammenstellung des Speiseplanes Ihres Tieres"}
{"url": "https://www.fressnapf.de/p/cdvet-huninomineral-150-g-1669466/", "product_name": "cdVet HuninoMineral 150 g", "brand": "cdVet Ergänzungsfutter & Aufzucht", "regular_price": 0.0, "selling_price": 13.95, "price_per_unit": 0.0, "breadcrumbs": "Hund > Hundefutter > Ergänzungsfutter & Aufzucht", "description": "Futterergänzungsmittel für Hunde & Katzen zur Regulation des Säure-Basenhaushaltes und natürlichen Toxinbindung 100% Naturprodukt - ohne Füllstoffe, ohne Geschmacksverstärker und ohne synthetische Zusatzstoffe Qualitätsprodukt nach bewährter cdVet- Rezeptur von Tierheilpraktikern, Tierärzten und Tierbesitzern entwickelt"}
{"url": "https://www.fressnapf.de/p/singulares-eierschalenpulver-extrafein-1710167/", "product_name": "Singulares Eierschalenpulver extrafein", "brand": "Singulares Ergänzungsfutter & Aufzucht", "regular_price": 0.0, "selling_price": 13.95, "price_per_unit": 0.0, "breadcrumbs": "Hund > Hundefutter > Ergänzungsfutter & Aufzucht", "description": "Einzelfuttermittel für Tiere aus 100% reinem extrafeinen Eierschalenmehl - ohne Zusätze Zum Ausgleich eines erhöhter Nährstoffbedarf in Zeiten von Wachstum, Trächtigkeit & Laktation Sehr gut verwertbare tierische Kalziumquelle zur täglichen bedarfsgerechten Fütterung"}
{"url": "https://www.fressnapf.de/p/fit-barf-bio-chlorella-36-g-1718775/", "product_name": "Fit-BARF Bio-Chlorella 36 g", "brand": "Fit-BARF Ergänzungsfutter & Aufzucht", "regular_price": 0.0, "selling_price": 13.95, "price_per_unit": 0.0, "breadcrumbs": "Hund > Hundefutter > Ergänzungsfutter & Aufzucht", "description": "Einzelfuttermittel zur optimalen Versorgung mit essentiellen Vitaminen und Mineralien Enthält 19 verschiedene Aminosäuren, ungesättigte Fettsäuren und natürliche Toxinbinder Kann geruchsabsorbierend wirken, daher für Hunde mit starkem Eigengeruch geeignet"}
{"url": "https://www.fressnapf.de/p/cdvet-darmrein-pulver-20-g-1249037/", "product_name": "cdVet DarmRein Pulver 20 g", "brand": "cdVet Ergänzungsfutter & Aufzucht", "regular_price": 0.0, "selling_price": 13.95, "price_per_unit": 0.0, "breadcrumbs": "Hund > Hundefutter > Ergänzungsfutter & Aufzucht", "description": "Futterergänzungsmittel für Hunde & Katzen zur Unterstützung bei fütterungsbedingten Verdauungsstörungen Eine Reinigung des Darms kann zu einer verbesserten Nährstoffaufnahme führen Enthält rein pflanzliche Nährstoffe mit natürlichen Gerbstoffen & ist reich an Mineralien"}
{"url": "https://www.fressnapf.de/p/fit-barf-bio-spirulina-36-g-1225453/", "product_name": "Fit-BARF Bio-Spirulina 36 g", "brand": "Fit-BARF Ergänzungsfutter & Aufzucht", "regular_price": 0.0, "selling_price": 13.95, "price_per_unit": 0.0, "breadcrumbs": "Hund > Hundefutter > Ergänzungsfutter & Aufzucht", "description": "Einzelfuttermittel zur optimalen Versorgung mit ungesättigten Fettsäuren, Mineralien & Vitaminen Spirulina besteht ~ 70% aus hochverdaulichem Eiweiß, enthält eine Vielzahl an Spurenelementen, Mineralstoffen, Chlorophyll & Aminosäuren Enthält 100% Bio-Spirulina"}
{"url": "https://www.fressnapf.de/p/singulares-eierschalenmehl-natur-struktur-1225465/", "product_name": "Singulares Eierschalenmehl Natur Struktur", "brand": "Singulares Ergänzungsfutter & Aufzucht", "regular_price": 0.0, "selling_price": 13.95, "price_per_unit": 0.0, "breadcrumbs": "Hund > Hundefutter > Ergänzungsfutter & Aufzucht", "description": "Einzelfuttermittel für Tiere aus 100% reinem Eierschalenmehl - ohne Zusätze Zum Ausgleich eines erhöhter Nährstoffbedarf in Zeiten von Wachstum, Trächtigkeit & Laktation Natürliche Kalziumquelle zur bedarfsgerechten Versorgung"}
{"url": "https://www.fressnapf.de/p/arthrogreen-junior-25-g-1674241/", "product_name": "ArthroGreen Junior 25 g", "brand": "ArthroGreen Ergänzungsfutter & Aufzucht", "regular_price": 0.0, "selling_price": 13.95, "price_per_unit": 0.0, "breadcrumbs": "Hund > Hundefutter > Ergänzungsfutter & Aufzucht", "description": "Natürliches Ergänzungsfuttermittel zur Unterstützung der Gelenke von Hunden und Katzen im Wachstum Mit 30% neuseeländischer grünlippiger Zuchtmuschel, sowie Vitaminen, Spurenelementen, Aminosäuren und natürlichen Kräutern Für den besonderen Ernährungsbedarf von Welpen, Kitten und Jungtieren"}
{"url": "https://www.fressnapf.de/p/alphazoo-trostpflaster-bachblueten-globuli-fuer-hunde-und-katzen-1701983/", "product_name": "ALPHAZOO Trostpflaster Bachblüten, Globuli für Hunde und Katzen", "brand": "ALPHAZOO Ergänzungsfutter & Aufzucht", "regular_price": 0.0, "selling_price": 13.95, "price_per_unit": 0.0, "breadcrumbs": "Hund > Hundefutter > Ergänzungsfutter & Aufzucht", "description": "Vital Globuli für Hunde und Katzen Natürlich & Pflanzlich Tradition nach Dr. Bach"}
{"url": "https://www.fressnapf.de/p/alphazoo-jungbrunnen-bachblueten-globuli-fuer-hunde-und-katzen-1701985/", "product_name": "ALPHAZOO Jungbrunnen Bachblüten, Globuli für Hunde und Katzen", "brand": "ALPHAZOO Ergänzungsfutter & Aufzucht", "regular_price": 0.0, "selling_price": 13.95, "price_per_unit": 0.0, "breadcrumbs": "Hund > Hundefutter > Ergänzungsfutter & Aufzucht", "description": "Vital Globuli für Hunde und Katzen Natürlich & Pflanzlich Tradition nach Dr. Bach"}
{"url": "https://www.fressnapf.de/p/alphazoo-wutbaendiger-bachblueten-globuli-fuer-hunde-und-katzen-1701950/", "product_name": "ALPHAZOO Wutbändiger Bachblüten, Globuli für Hunde und Katzen", "brand": "ALPHAZOO Ergänzungsfutter & Aufzucht", "regular_price": 0.0, "selling_price": 13.95, "price_per_unit": 0.0, "breadcrumbs": "Hund > Hundefutter > Ergänzungsfutter & Aufzucht", "description": "Vital Globuli für Hunde und Katzen Natürlich & Pflanzlich Tradition nach Dr. Bach"}
{"url": "https://www.fressnapf.de/p/cdvet-arthrogreen-plus-25-g-1688358/", "product_name": "cdVet ArthroGreen plus 25 g", "brand": "cdVet Ergänzungsfutter & Aufzucht", "regular_price": 0.0, "selling_price": 13.95, "price_per_unit": 0.0, "breadcrumbs": "Hund > Hundefutter > Ergänzungsfutter & Aufzucht", "description": "Natürliches Ergänzungsfuttermittel zur Unterstützung der Gelenke von Hunden und Katzen Für den besonderen Ernährungsbedarf von Tieren im Erwachsenenalter Mit 30% neuseeländischer grünlippiger Zuchtmuschel, sowie Vitaminen, Spurenelementen, Aminosäuren und natürlichen Kräutern"}
{"url": "https://www.fressnapf.de/p/cdvet-fell--haut-vital-150-g-1049905/", "product_name": "cdVet Fell & Haut Vital 150 g", "brand": "cdVet Ergänzungsfutter & Aufzucht", "regular_price": 0.0, "selling_price": 13.95, "price_per_unit": 0.0, "breadcrumbs": "Hund > Hundefutter > Ergänzungsfutter & Aufzucht", "description": "Futterergänzungsmittel für Hunde & Katzen zur Unterstützung im Fellwechsel Besonders zu empfehlen bei stumpfem und trockenem Fell und übermäßigem Fellverlust Zur Versorgung des Tieres mit wichtigen Vitaminen, Spurenelementen, Aminosäuren und ausgesuchten Kräutern"}
{"url": "https://www.fressnapf.de/p/alphazoo-panik-stop-bachblueten-globuli-fuer-hunde-und-katzen-1686951/", "product_name": "ALPHAZOO Panik-Stop Bachblüten, Globuli für Hunde und Katzen", "brand": "ALPHAZOO Ergänzungsfutter & Aufzucht", "regular_price": 0.0, "selling_price": 13.95, "price_per_unit": 0.0, "breadcrumbs": "Hund > Hundefutter > Ergänzungsfutter & Aufzucht", "description": "Natürliche Unterstützung in herausfordernden Zeiten Tradition nach Dr. Bach Natürlich & Pflanzlich"}
{"url": "https://www.fressnapf.de/p/cdvet-calma-20-ml-1042487/", "product_name": "cdVet Calma 20 ml", "brand": "cdVet Ergänzungsfutter & Aufzucht", "regular_price": 0.0, "selling_price": 13.95, "price_per_unit": 0.0, "breadcrumbs": "Hund > Hundefutter > Ergänzungsfutter & Aufzucht", "description": "Ergänzungsfuttermittel für Hunde und Katzen mit Auszügen von Melisse und Johanniskraut Bei Tierhaltern bewährt zur Unterstützung bei Nervosität und vor Stresssituationen Einfach in der Anwendung und dabei sparsam im Verbrauch, da nur geringe Fütterungsmengen notwendig sind"}
{"url": "https://www.fressnapf.de/p/singulares-weizenkeim-oel-50-ml-1711711/", "product_name": "Singulares Weizenkeim-Öl 50 ml", "brand": "Singulares Ergänzungsfutter & Aufzucht", "regular_price": 0.0, "selling_price": 13.95, "price_per_unit": 0.0, "breadcrumbs": "Hund > Hundefutter > Ergänzungsfutter & Aufzucht", "description": "Einzelfuttermittel für Tiere aus 100% nativem Weizenkeim-Öl Enthält Nährstoffe, die ein glänzendes Haarkleid fördern und auf natürliche Weise die Durchblutung und den Stoffwechsel anregen können Von Natur aus reich an Vitamin E"}
{"url": "https://www.fressnapf.de/p/fit-barf-dorschlebertran-100-ml-1225455/", "product_name": "Fit-BARF Dorschlebertran 100 ml", "brand": "Fit-BARF Ergänzungsfutter & Aufzucht", "regular_price": 0.0, "selling_price": 13.95, "price_per_unit": 0.0, "breadcrumbs": "Hund > Hundefutter > Ergänzungsfutter & Aufzucht", "description": "Einzelfuttermittel zur optimalen Versorgung von Fell & Haut Dorschlebertran ist reich an Omega -3 Fettsäuren und ein ausgezeichneter Vitamin D Lieferant Für die individuelle Zusammenstellung des Speiseplanes Ihres Tieres"}
{"url": "https://www.fressnapf.de/p/cdvet-toxivet-sorb-1249034/", "product_name": "cdVet ToxiVet Sorb", "brand": "cdVet Ergänzungsfutter & Aufzucht", "regular_price": 0.0, "selling_price": 13.95, "price_per_unit": 0.0, "breadcrumbs": "Hund > Hundefutter > Ergänzungsfutter & Aufzucht", "description": "Mit Nährstoffen, die dazu beitragen können, die Schutzbarriere des Darms zu stärken und Toxine zu binden Enthält präbiotische Hefe und natürlichen Bentonit-Montmorillonit natürlicher Toxinbinder"}
{"url": "https://www.fressnapf.de/p/fit-barf-vitalmix-1698257/", "product_name": "Fit-BARF VitalMix", "brand": "Fit-BARF Ergänzungsfutter & Aufzucht", "regular_price": 0.0, "selling_price": 13.95, "price_per_unit": 0.0, "breadcrumbs": "Hund > Hundefutter > Ergänzungsfutter & Aufzucht", "description": "vielfältiger Mix aus gut verträglichem Gemüse und Obst gesundes Extra zum Nassfutter, Trockenfutter oder bei der Fütterung mit rohem Fleisch (BARF) 100% natürliche Zutaten ohne irgendwelche Zusätze"}
{"url": "https://www.fressnapf.de/p/alphazoo-magenruhe-bachblueten-globuli-fuer-hunde-und-katzen-1701984/", "product_name": "ALPHAZOO Magenruhe Bachblüten, Globuli für Hunde und Katzen", "brand": "ALPHAZOO Ergänzungsfutter & Aufzucht", "regular_price": 0.0, "selling_price": 13.95, "price_per_unit": 0.0, "breadcrumbs": "Hund > Hundefutter > Ergänzungsfutter & Aufzucht", "description": "Vital Globuli für Hunde und Katzen Natürlich & Pflanzlich Tradition nach Dr. Bach"}
{"url": "https://www.fressnapf.de/p/alphazoo-seelenruhe-bachblueten-globuli-fuer-hunde-und-katzen-15ml-1701949/", "product_name": "ALPHAZOO Seelenruhe Bachblüten, Globuli für Hunde und Katzen 15ml", "brand": "ALPHAZOO Ergänzungsfutter & Aufzucht", "regular_price": 0.0, "selling_price": 13.95, "price_per_unit": 0.0, "breadcrumbs": "Hund > Hundefutter > Ergänzungsfutter & Aufzucht", "description": "Vital Globuli für Hunde und Katzen Natürlich & Pflanzlich Tradition nach Dr. Bach"}
{"url": "https://www.fressnapf.de/p/alphazoo-flohsamenschalen-gemahlen-fuer-hunde-und-katzen-250-g-1718118/", "product_name": "ALPHAZOO Flohsamenschalen gemahlen für Hunde und Katzen 250 g", "brand": "ALPHAZOO Ergänzungsfutter & Aufzucht", "regular_price": 0.0, "selling_price": 13.95, "price_per_unit": 0.0, "breadcrumbs": "Hund > Hundefutter > Ergänzungsfutter & Aufzucht", "description": "Indische Psyllium Husks mit maximaler Quellkraft Rückstandskontrolliert mit hoher Reinheit Naturprodukt ohne Zusatzstoffe"}
{"url": "https://www.fressnapf.de/p/alphazoo-gruenlippmuschel-pulver-fuer-hunde-und-katzen-100-g-1706571/", "product_name": "ALPHAZOO Grünlippmuschel-Pulver für Hunde und Katzen 100 g", "brand": "ALPHAZOO Ergänzungsfutter & Aufzucht", "regular_price": 0.0, "selling_price": 13.95, "price_per_unit": 0.0, "breadcrumbs": "Hund > Hundefutter > Ergänzungsfutter & Aufzucht", "description": "Vollfett-Premium-Qualität Kein Muschelextrakt Abgefüllt in Deutschland"}
{"url": "https://www.fressnapf.de/p/mjamjam-quetschie-6x300-g-pute-1717432/", "product_name": "MjAMjAM Quetschie 6x300 g Pute", "brand": "MjAMjAM Nassfutter", "regular_price": 0.0, "selling_price": 13.99, "price_per_unit": 0.0, "breadcrumbs": "Katze > Katzenfutter > Nassfutter", "description": "Ganz ohne Getreide oder Gluten Ohne Zuckerzusatz Ganz ohne synthetische Konservierungsstoffe"}
{"url": "https://www.fressnapf.de/p/dogsn-tiger-mmmh-mmmh--lachs-150-g-1753196/", "product_name": "Dogs'n Tiger Mmmh mmmh | Lachs 150 g", "brand": "Dogs'n Tiger Snacks", "regular_price": 0.0, "selling_price": 13.99, "price_per_unit": 0.0, "breadcrumbs": "Katze > Katzenfutter > Snacks", "description": "Leckerer Snack aus Lachs für Katzen ab 4 Monaten Als kleine Belohnung zwischendurch Schonend gefriergetrocknet, um alle Nährstoffe zu erhalten"}
{"url": "https://www.fressnapf.de/p/whiskas-mega-pack-7-fisch-auswahl-in-gelee-40-x-85g-1417307/", "product_name": "Whiskas Mega Pack 7+ Fisch Auswahl in Gelee 40 x 85g", "brand": "Whiskas Nassfutter", "regular_price": 0.0, "selling_price": 13.99, "price_per_unit": 0.0, "breadcrumbs": "Katze > Katzenfutter > Nassfutter", "description": "Deckt alle täglichen Bedürfnisse deiner 1+ Katze Mit hochwertigem Protein zur Unterstützung starker Muskeln Hergestellt mit Vitamin C zur Unterstützung der natürlichen Abwehrkräfte"}
{"url": "https://www.fressnapf.de/p/whiskas-mega-pack-1-gefluegel-auswahl-in-gelee-40-x-85g-1417306/", "product_name": "Whiskas Mega Pack 1+ Geflügel Auswahl in Gelee 40 x 85g", "brand": "Whiskas Nassfutter", "regular_price": 0.0, "selling_price": 13.99, "price_per_unit": 0.0, "breadcrumbs": "Katze > Katzenfutter > Nassfutter", "description": "Jede köstliche Rezeptur enthält 100% hochwertige Zutaten und deckt alle täglichen Bedürfnisse deiner 1+ Katze. Mit hochwertigem Protein zur Unterstützung starker Muskeln. Hergestellt mit Vitamin C zur Unterstützung der natürlichen Abwehrkräfte."}
{"url": "https://www.fressnapf.de/p/josera-senior-katze-2-kg-1349767/", "product_name": "Josera Senior Katze 2 kg", "brand": "Josera Trockenfutter", "regular_price": 0.0, "selling_price": 13.99, "price_per_unit": 0.0, "breadcrumbs": "Katze > Katzenfutter > Trockenfutter", "description": "Ideal für ältere Katzen Ein reduzierter Phosphorgehalt unterstützt die Nierenfunktion Die sorgfältige Auswahl bester Zutaten gewährt eine hohe Akzeptanz und beste Verträglichkeit"}
{"url": "https://www.fressnapf.de/p/canina-immun-booster-paste-15ml-1378775/", "product_name": "Canina Immun-Booster Paste 15ml", "brand": "Canina Ergänzungsfutter & Aufzucht", "regular_price": 0.0, "selling_price": 13.99, "price_per_unit": 0.0, "breadcrumbs": "Hund > Hundefutter > Ergänzungsfutter & Aufzucht", "description": "Unterstützung von Wohlbefinden und Leistungsfähigkeit Ernährungsphysiologische Wiederherstellung und Rekonvaleszenz Leicht verdauliche Ausgangserzeugnisse"}
{"url": "https://www.fressnapf.de/p/whiskas-mega-pack-1-fisch-auswahl-in-gelee-40-x-85g-1417305/", "product_name": "Whiskas Mega Pack 1+ Fisch Auswahl in Gelee 40 x 85g", "brand": "Whiskas Nassfutter", "regular_price": 0.0, "selling_price": 13.99, "price_per_unit": 0.0, "breadcrumbs": "Katze > Katzenfutter > Nassfutter", "description": "Deckt alle täglichen Bedürfnisse deiner 1+ Katze Mit hochwertigem Protein zur Unterstützung starker Muskeln Hergestellt mit Vitamin C zur Unterstützung der natürlichen Abwehrkräfte"}
{"url": "https://www.fressnapf.de/p/whiskas-mega-pack-1-gemischte-auswahl-in-gelee-40-x-85g-1417304/", "product_name": "Whiskas Mega Pack 1+ Gemischte Auswahl in Gelee 40 x 85g", "brand": "Whiskas Nassfutter", "regular_price": 0.0, "selling_price": 13.99, "price_per_unit": 0.0, "breadcrumbs": "Katze > Katzenfutter > Nassfutter", "description": "Deckt alle täglichen Bedürfnisse deiner 1+ Katze Mit hochwertigem Protein zur Unterstützung starker Muskeln Hergestellt mit Vitamin C zur Unterstützung der natürlichen Abwehrkräfte"}
{"url": "https://www.fressnapf.de/p/josera-multipack-filet-6-x-70g-1327194/", "product_name": "Josera Multipack Filet (6 x 70g)", "brand": "Josera Nassfutter", "regular_price": 0.0, "selling_price": 13.99, "price_per_unit": 0.0, "breadcrumbs": "Katze > Katzenfutter > Nassfutter", "description": "Ideal für wählerische Katzen Praktischer Multipack mit 3 leckeren Sorten Alle Sorten auch einzeln erhältlich"}
{"url": "https://www.fressnapf.de/p/whiskas-portionsbeutel-multipack-mega-pack-junior-gefluegel-auswahl-in-gelee-40x85-g-1748127/", "product_name": "Whiskas Portionsbeutel Multipack Mega Pack Junior Geflügel Auswahl in Gelee 40x85 g", "brand": "Whiskas Nassfutter", "regular_price": 0.0, "selling_price": 13.99, "price_per_unit": 0.0, "breadcrumbs": "Katze > Katzenfutter > Nassfutter", "description": "Jede köstliche Rezeptur enthält 100% hochwertige Zutaten und deckt alle täglichen Bedürfnisse deines Kätzchens Mit wichtigen Vitaminen und Taurin, um starke natürliche Abwehrkräfte zu fördern Kleinere Stückchen für kleinere Münder und mit hochwertigem Protein zur Erleichterung der Verdauung"}
{"url": "https://www.fressnapf.de/p/animonda-carny-kitten-baby-pat-12x85-g-1808751/", "product_name": "animonda Carny Kitten Baby-Paté 12x85 g", "brand": "animonda Nassfutter", "regular_price": 0.0, "selling_price": 13.99, "price_per_unit": 0.0, "breadcrumbs": "Katze > Katzenfutter > Nassfutter", "description": "Optimale Anfangsnahrung ab 4. Woche Zart-cremige Konsistenz 100 % frische, fleischliche Zutaten"}
{"url": "https://www.fressnapf.de/p/naturally-good-veggies--meat-12x100g-linsen-und-huhn-1676419/", "product_name": "Naturally Good Veggies & Meat 12x100g Linsen und Huhn", "brand": "Naturally Good Nassfutter", "regular_price": 0.0, "selling_price": 14.28, "price_per_unit": 0.0, "breadcrumbs": "Katze > Katzenfutter > Nassfutter", "description": "Mehr Gemüse, weniger Fleisch Optimal versorgt durch pflanzliche und tierische Proteine Glutenfreie Rezeptur"}
{"url": "https://www.fressnapf.de/p/naturally-good-veggies--meat-erbsenprotein--pute-12x100-g-1676420/", "product_name": "Naturally Good Veggies & Meat Erbsenprotein & Pute 12x100 g", "brand": "Naturally Good Nassfutter", "regular_price": 0.0, "selling_price": 14.28, "price_per_unit": 0.0, "breadcrumbs": "Katze > Katzenfutter > Nassfutter", "description": "Mehr Gemüse, weniger Fleisch Optimal versorgt durch pflanzliche und tierische Proteine Weizenfreie Rezeptur"}
{"url": "https://www.fressnapf.de/p/wow-cat-senior-6x200-g-wild--kaninchen-1830455/", "product_name": "WOW Cat Senior 6x200 g Wild & Kaninchen", "brand": "WOW Nassfutter", "regular_price": 0.0, "selling_price": 14.49, "price_per_unit": 0.0, "breadcrumbs": "Katze > Katzenfutter > Nassfutter", "description": "Mit hohem Fleischanteil Hohe Akzeptanz & Verträglichkeit Hergestellt ohne Getreide & Zucker"}
{"url": "https://www.fressnapf.de/p/gourmet-gold-feine-pastete-kaninchen-rind-kalb-lamm-24x85g-stk-1274064/", "product_name": "GOURMET Gold Feine Pastete Kaninchen, Rind, Kalb, Lamm 24x85g Stk.", "brand": "GOURMET Nassfutter", "regular_price": 0.0, "selling_price": 14.49, "price_per_unit": 0.0, "breadcrumbs": "Katze > Katzenfutter > Nassfutter", "description": "Gourmet-Genuss für anspruchsvolle Samtpfoten Vielfältige Geschmacksrichtungen Abwechslungsreich und gesund"}
{"url": "https://www.fressnapf.de/p/dogsn-tiger-flitzpiepe-15-kg-1753033/", "product_name": "Dogs'n Tiger Flitzpiepe 1,5 kg", "brand": "Dogs'n Tiger Trockenfutter", "regular_price": 0.0, "selling_price": 14.49, "price_per_unit": 0.0, "breadcrumbs": "Katze > Katzenfutter > Trockenfutter", "description": "Trockenfutter in bester Qualität speziell für die Bedürfnisse heranwachsender Katzen ab 8 Wochen Erbsen, Karotten und Süßkartoffeln versorgen mit Vitaminen und Mineralstoffen Eine fein abgestimmte Kräutermischung kann die Wachstumsphase optimal unterstützen"}
{"url": "https://www.fressnapf.de/p/dogsn-tiger-kuechenjaeger-15-kg-1753032/", "product_name": "Dogs'n Tiger Küchenjäger 1,5 kg", "brand": "Dogs'n Tiger Trockenfutter", "regular_price": 0.0, "selling_price": 14.49, "price_per_unit": 0.0, "breadcrumbs": "Katze > Katzenfutter > Trockenfutter", "description": "Trockenfutter in bester Qualität speziell für die Bedürfnisse älterer Katzen Obst und Gemüse versorgen mit Vitaminen und Mineralstoffen Mit Brennnessel zur Unterstützung von Haut, Gewebe und Muskulatur"}
{"url": "https://www.fressnapf.de/p/gourmet-perle-erlesene-streifen-in-sauce-sorten-mix-24x85-g-1843117/", "product_name": "GOURMET Perle Erlesene Streifen in Sauce Sorten Mix 24x85 g", "brand": "GOURMET Nassfutter", "regular_price": 0.0, "selling_price": 14.49, "price_per_unit": 0.0, "breadcrumbs": "Katze > Katzenfutter > Nassfutter", "description": "Sorgfältig ausgewählte Zutaten wurden schonend gegart Sorten: Huhn, Rind, Lachs und Thunfisch Ohne Zusatz künstlicher Farb-, Konservierungs- und Aromastoffe"}
{"url": "https://www.fressnapf.de/p/josera-marinesse-2-kg-1322770/", "product_name": "Josera Marinesse 2 kg", "brand": "Josera Trockenfutter", "regular_price": 0.0, "selling_price": 14.79, "price_per_unit": 0.0, "breadcrumbs": "Katze > Katzenfutter > Trockenfutter", "description": "Lachs, Kartoffel und Erbse als ausgesuchte Proteinquellen für beste Verträglichkeit Erlesene Rezeptur für anspruchsvolle Katzen mit wertvollem Lachsprotein (30%) Fördert einen pH-Wert von 6,0-6,5 zur Vorbeugung von Harnsteinbildung, hypoallergen und leicht verdaulich"}
{"url": "https://www.fressnapf.de/p/annimally-leinoel-1721746/", "product_name": "Annimally Leinöl", "brand": "Annimally Ergänzungsfutter & Aufzucht", "regular_price": 0.0, "selling_price": 14.85, "price_per_unit": 0.0, "breadcrumbs": "Hund > Hundefutter > Ergänzungsfutter & Aufzucht", "description": ""}
{"url": "https://www.fressnapf.de/p/puja-snacks-probierset-beauty-fuer-katzen-150g-1938840/", "product_name": "PUJA Snacks Probierset Beauty für Katzen 150g", "brand": "PUJA Snacks", "regular_price": 0.0, "selling_price": 14.9, "price_per_unit": 0.0, "breadcrumbs": "Katze > Katzenfutter > Snacks", "description": "GESUNDE & LECKERE SNACKS FÜR KATZEN 3er SET ZUM PROBIEREN ODER VERSCHENKEN FÜR SPIEL, BELOHNUNG & TRAINING - VON KATZEN GELIEBT"}
{"url": "https://www.fressnapf.de/p/puja-probierset-gourmet-fuer-katzen-300g-1938849/", "product_name": "PUJA Probierset Gourmet für Katzen 300g", "brand": "PUJA Snacks", "regular_price": 0.0, "selling_price": 14.9, "price_per_unit": 0.0, "breadcrumbs": "Katze > Katzenfutter > Snacks", "description": "HAUPTGERICHT UND GESUNDE LECKEREI IN EINEM 3er SET ZUM PROBIEREN ODER VERSCHENKEN CHICKEN BOWL: REICH AN HUHN, SCHONEND GEGART UND GETREIDEFREI"}
{"url": "https://www.fressnapf.de/p/wolfsbacher-natur-bio-barf-oel-100-ml-1678073/", "product_name": "Wolfsbacher Natur Bio Barf Öl 100 ml", "brand": "Wolfsbacher Natur Ergänzungsfutter & Aufzucht", "regular_price": 0.0, "selling_price": 14.9, "price_per_unit": 0.0, "breadcrumbs": "Hund > Hundefutter > Ergänzungsfutter & Aufzucht", "description": "100% BIO QUALITÄT AUS DEUTSCHLAND ENTHÄLT 6 VERSCHIEDENE ÖLE SCHONEND KALTGEPRESST"}
{"url": "https://www.fressnapf.de/p/wolfsbacher-natur-bio-leinoel-100-ml-1678069/", "product_name": "Wolfsbacher Natur Bio Leinöl 100 ml", "brand": "Wolfsbacher Natur Ergänzungsfutter & Aufzucht", "regular_price": 0.0, "selling_price": 14.9, "price_per_unit": 0.0, "breadcrumbs": "Hund > Hundefutter > Ergänzungsfutter & Aufzucht", "description": "100% BIO QUALITÄT AUS DEUTSCHLAND REICH AN OMEGA 3 & 6 FETTSÄUREN SCHONEND KALTGEPRESST"}
{"url": "https://www.fressnapf.de/p/reavet-calcium-carbonat-250g-1714915/", "product_name": "REAVET Calcium Carbonat 250g", "brand": "REAVET Ergänzungsfutter & Aufzucht", "regular_price": 0.0, "selling_price": 14.91, "price_per_unit": 0.0, "breadcrumbs": "Hund > Hundefutter > Ergänzungsfutter & Aufzucht", "description": "Zur Unterstützung von starken Zähnen & kräftigen Knochen Versorgung mit essentiellen Mineralstoffen Bei ernährungsbedingtem Calciummangel"}
{"url": "https://www.fressnapf.de/p/reavet-hagebuttenpulver-250g-1714908/", "product_name": "REAVET Hagebuttenpulver 250g", "brand": "REAVET Ergänzungsfutter & Aufzucht", "regular_price": 0.0, "selling_price": 14.91, "price_per_unit": 0.0, "breadcrumbs": "Hund > Hundefutter > Ergänzungsfutter & Aufzucht", "description": "Für Immunsystem & Gesunderhaltung Unterstützt die normale Gelenkfunktion Hoher Anteil an Fruchtfleisch"}
{"url": "https://www.fressnapf.de/p/reavet-bierhefe-pulver-500g-1713399/", "product_name": "REAVET Bierhefe Pulver 500g", "brand": "REAVET Ergänzungsfutter & Aufzucht", "regular_price": 0.0, "selling_price": 14.91, "price_per_unit": 0.0, "breadcrumbs": "Hund > Hundefutter > Ergänzungsfutter & Aufzucht", "description": "Hoher Gehalt an natürlichem Vitamin B-Komplex Für glänzendes, kräftiges Fell und vitale Haut Tägliche Versorgung mit wichtigen Nährstoffen"}
{"url": "https://www.fressnapf.de/p/reavet-ulmenrinde-plus-50g-1715000/", "product_name": "REAVET Ulmenrinde Plus 50g", "brand": "REAVET Ergänzungsfutter & Aufzucht", "regular_price": 0.0, "selling_price": 14.91, "price_per_unit": 0.0, "breadcrumbs": "Katze > Katzenfutter > Ergänzungsfutter & Aufzucht", "description": "Schnelle und effektive Beruhigung bei Verdauungsstörungen Mit Flohsamenschalen - Wohltat für den Magen Unterstützt die Verdauungsfunktion"}
{"url": "https://www.fressnapf.de/p/reavet-eierschalenpulver-500g-1715008/", "product_name": "REAVET Eierschalenpulver 500g", "brand": "REAVET Ergänzungsfutter & Aufzucht", "regular_price": 0.0, "selling_price": 14.91, "price_per_unit": 0.0, "breadcrumbs": "Hund > Hundefutter > Ergänzungsfutter & Aufzucht", "description": "Natürliche Calciumquelle Unterstützt die Knochen- & Zahngesundheit Zum Ausgleich eines ernährungsbedingten Calciummangels"}
{"url": "https://www.fressnapf.de/p/reavet-gruenlippmuschel-extrakt-100g-1713429/", "product_name": "REAVET Grünlippmuschel Extrakt 100g", "brand": "REAVET Ergänzungsfutter & Aufzucht", "regular_price": 0.0, "selling_price": 14.91, "price_per_unit": 0.0, "breadcrumbs": "Hund > Hundefutter > Ergänzungsfutter & Aufzucht", "description": "100% reines Pulver aus neuseeländischen Muscheln (Perna canaliculus) Besonders hoher Gehalt an Glykosaminoglykane (GAG) Für Bewegungsfreude"}
{"url": "https://www.fressnapf.de/p/fit-barf-obst-100-g-1721660/", "product_name": "Fit-BARF Obst 100 g", "brand": "Fit-BARF Ergänzungsfutter & Aufzucht", "regular_price": 0.0, "selling_price": 14.95, "price_per_unit": 0.0, "breadcrumbs": "Hund > Hundefutter > Ergänzungsfutter & Aufzucht", "description": "Ergänzungsfuttermittel zur optimalen Versorgung mit Vitaminen und Folsäure Enthält schonend getrocknetes Obst und zeichnet sich durch seinen natürlichen Vitamin C- Gehalt aus 100% natürlich gesunde Alternative zum Gemüse für mehr Abwechslung in der BARF- Ernährung"}
{"url": "https://www.fressnapf.de/p/hustavet-immun-30-g-1350986/", "product_name": "HustaVet Immun 30 g", "brand": "HustaVet Ergänzungsfutter & Aufzucht", "regular_price": 0.0, "selling_price": 14.95, "price_per_unit": 0.0, "breadcrumbs": "Hund > Hundefutter > Ergänzungsfutter & Aufzucht", "description": "Kann ernährungsbedingt die natürliche Immunabwehr, auch bei schon länger anhaltenden Auffälligkeiten der Atemwegsfunktionen unterstützen Enthält sowohl natürliche atemwegsunterstützende Bronchialkräuter als auch natürliche darmoptimierende Inhaltsstoffe Kann fütterungsbedingt durch den enthaltenen Weißdorn die natürliche Funktion des Herz-Kreislaufsystems unterstützen"}
{"url": "https://www.fressnapf.de/p/singulares-bio-borretschoel-1757484/", "product_name": "Singulares Bio-Borretschöl", "brand": "Singulares Ergänzungsfutter & Aufzucht", "regular_price": 0.0, "selling_price": 14.95, "price_per_unit": 0.0, "breadcrumbs": "Hund > Hundefutter > Ergänzungsfutter & Aufzucht", "description": "Einzelfuttermittel für Tiere aus 100% nativem Bio-Borretschöl Von Natur aus ein hoher Anteil an ungesättigten Fettsäuren, speziell an Gamma-Linolensäure Für die individuelle Zusammenstellung des Speiseplans Ihres Tieres"}
{"url": "https://www.fressnapf.de/p/fit-barf-sensitive-350-g-1225470/", "product_name": "Fit-BARF Sensitive 350 g", "brand": "Fit-BARF Ergänzungsfutter & Aufzucht", "regular_price": 0.0, "selling_price": 14.95, "price_per_unit": 0.0, "breadcrumbs": "Hund > Hundefutter > Ergänzungsfutter & Aufzucht", "description": "Ergänzungsfuttermittel zur optimalen Versorgung mit wichtigen Nährstoffen Hochwertige Gemüse-Kräuter Kombination aus schonend getrockneten Zutaten Für die individuelle Zusammenstellung des Speiseplanes & eine ausgeglichene Ernährung bei Rohfütterung"}
{"url": "https://www.fressnapf.de/p/fit-barf-seealgenmehl-500-g-1670291/", "product_name": "Fit-BARF Seealgenmehl 500 g", "brand": "Fit-BARF Ergänzungsfutter & Aufzucht", "regular_price": 0.0, "selling_price": 14.95, "price_per_unit": 0.0, "breadcrumbs": "Hund > Hundefutter > Ergänzungsfutter & Aufzucht", "description": "Einzelfuttermittel zur optimalen Versorgung mit wichtigen Nährstoffen Knotentang ist bekannt für seinen hohen Gehalt an Mineralstoffen, Spurenelementen und Vitaminen Geeignet als regelmäßiger Futterzusatz"}
{"url": "https://www.fressnapf.de/p/husse-aptit-huhn-1746869/", "product_name": "husse Aptit Huhn", "brand": "husse Nassfutter", "regular_price": 0.0, "selling_price": 14.95, "price_per_unit": 0.0, "breadcrumbs": "Katze > Katzenfutter > Nassfutter", "description": "perfekt als Topper hoher Fleischanteil 100% Lebensmittelqualität"}
{"url": "https://www.fressnapf.de/p/cdvet-moor-150-g-1687085/", "product_name": "cdVet Moor 150 g", "brand": "cdVet Ergänzungsfutter & Aufzucht", "regular_price": 0.0, "selling_price": 14.95, "price_per_unit": 0.0, "breadcrumbs": "Hund > Hundefutter > Ergänzungsfutter & Aufzucht", "description": "Einzelfuttermittel für Tiere aus 100% reinem Moor Hervorragendes Ergänzungsfuttermittel - natürlich reich an Huminsäuren, Mineralstoffen und Spurenelementen Ideales natürliches Futterergänzungsmittel zur ernährungsbedingten Unterstützung der Magen- und Darmtätigkeit"}
{"url": "https://www.fressnapf.de/p/cdvet-biobachblueten-quaelgeist-20ml-1103593/", "product_name": "cdVet BioBachblüten Quälgeist 20ml", "brand": "cdVet Ergänzungsfutter & Aufzucht", "regular_price": 0.0, "selling_price": 14.95, "price_per_unit": 0.0, "breadcrumbs": "Hund > Hundefutter > Ergänzungsfutter & Aufzucht", "description": "Schonend verarbeitete Bachblüten ohne Alkohol und ohne Zucker - mit nativem Bio-Nachtkerzenöl als Grundlage Verträglich bei: Nächtliches Bellen oder Miauen, Herumrasen in der Wohnung, nächtlichem Schmusebedarf, ins Bett kommen, ständigem rein und raus wollen Deutsches Qualitätsprodukt direkt vom Hersteller - mit bewährter Rezeptur und besonders bekömmlich"}
{"url": "https://www.fressnapf.de/p/fit-barf-flohsamenschalen-170-g-1225458/", "product_name": "Fit-BARF Flohsamenschalen 170 g", "brand": "Fit-BARF Ergänzungsfutter & Aufzucht", "regular_price": 0.0, "selling_price": 14.95, "price_per_unit": 0.0, "breadcrumbs": "Hund > Hundefutter > Ergänzungsfutter & Aufzucht", "description": "Einzelfuttermittel für eine optimale Verdauung Enthält lösliche Ballaststoffe und sorgt für eine natürliche Erhöhung des Kotvolumens Für die individuelle Zusammenstellung des Speiseplanes Ihres Tieres"}
{"url": "https://www.fressnapf.de/p/cdvet-biobachblueten-verlassen-20ml-1103598/", "product_name": "cdVet BioBachblüten Verlassen 20ml", "brand": "cdVet Ergänzungsfutter & Aufzucht", "regular_price": 0.0, "selling_price": 14.95, "price_per_unit": 0.0, "breadcrumbs": "Hund > Hundefutter > Ergänzungsfutter & Aufzucht", "description": "Schonend verarbeitete Bachblüten ohne Alkohol und ohne Zucker - mit nativem Bio-Nachtkerzenöl als Grundlage Verträglich bei: Dinge zerstören, bellen, wimmern, will nicht allein sein Deutsches Qualitätsprodukt direkt vom Hersteller - mit bewährter Formel und besonders bekömmlich"}
{"url": "https://www.fressnapf.de/p/cdvet-felitatz-harnwegewohl-1688369/", "product_name": "cdVet feliTATZ HarnwegeWohl", "brand": "cdVet Ergänzungsfutter & Aufzucht", "regular_price": 0.0, "selling_price": 14.95, "price_per_unit": 0.0, "breadcrumbs": "Katze > Katzenfutter > Ergänzungsfutter & Aufzucht", "description": "Sorgt für eine natürliche ernährungsbedingte Unterstützung der Harnwege bei Katzen Kräuter und Mineralstoffe wirken sich verstärkend auf die Flüssigkeitsaufnahme aus Eine erhöhte Ausscheidung kann die Selbstreinigung der Harnwege unterstützen"}
{"url": "https://www.fressnapf.de/p/fit-barf-rinderfett-1249041/", "product_name": "Fit-BARF Rinderfett", "brand": "Fit-BARF Ergänzungsfutter & Aufzucht", "regular_price": 0.0, "selling_price": 14.95, "price_per_unit": 0.0, "breadcrumbs": "Hund > Hundefutter > Ergänzungsfutter & Aufzucht", "description": "Einzelfuttermittel zur optimalen Ergänzung der Tagesration mit Proteinen | Zur Fettergänzung beim Barfen Enthält 100% natürliches und reines Rinderfett Besonders geeignet für Leistungshunde und schlechte Futterverwerter"}
{"url": "https://www.fressnapf.de/p/cdvet-biobachblueten-silvester-20ml-1249036/", "product_name": "cdVet BioBachblüten Silvester 20ml", "brand": "cdVet Ergänzungsfutter & Aufzucht", "regular_price": 0.0, "selling_price": 14.95, "price_per_unit": 0.0, "breadcrumbs": "Hund > Hundefutter > Ergänzungsfutter & Aufzucht", "description": "Schonend verarbeitete Bachblüten ohne Alkohol und ohne Zucker - mit nativem Bio-Nachtkerzenöl als Grundlage Verträglich bei: Stress, Panik, Silvester Deutsches Qualitätsprodukt direkt vom Hersteller - mit bewährter Formel und besonders bekömmlich"}
{"url": "https://www.fressnapf.de/p/noms-zistrosen-tabs-fuer-hunde--katzen-150g-1920316/", "product_name": "noms+ Zistrosen Tabs für Hunde & Katzen 150g", "brand": "noms+ Snacks", "regular_price": 0.0, "selling_price": 14.99, "price_per_unit": 0.0, "breadcrumbs": "Hund > Hundefutter > Snacks", "description": "Leckerlis mit Zistrose für Hunde und Katzen natürliche Unterstützung für eure Naturabenteuer, ganz ohne Chemie!"}
{"url": "https://www.fressnapf.de/p/aniforte-fine-turkey-pute-mit-suesskartoffel-12-kg-1817859/", "product_name": "AniForte Fine Turkey Pute mit Süsskartoffel 1,2 kg", "brand": "AniForte Nassfutter", "regular_price": 0.0, "selling_price": 14.99, "price_per_unit": 0.0, "breadcrumbs": "Katze > Katzenfutter > Nassfutter", "description": "Getreidefrei & glutenfrei Monoprotein - für ernährungssensible Katzen Mit Taurin"}
{"url": "https://www.fressnapf.de/p/aniforte-land-chicken-huhn-mit-kuerbis-12-kg-1817856/", "product_name": "AniForte Land Chicken Huhn mit Kürbis 1,2 kg", "brand": "AniForte Nassfutter", "regular_price": 0.0, "selling_price": 14.99, "price_per_unit": 0.0, "breadcrumbs": "Katze > Katzenfutter > Nassfutter", "description": "Getreidefrei & glutenfrei Frisches & hochwertiges Fleisch Mit Taurin"}
{"url": "https://www.fressnapf.de/p/doppelherz-relax-complex-25-licks-1800264/", "product_name": "Doppelherz Relax Complex 25 Licks", "brand": "Doppelherz Ergänzungsfutter & Aufzucht", "regular_price": 0.0, "selling_price": 14.99, "price_per_unit": 0.0, "breadcrumbs": "Katze > Katzenfutter > Ergänzungsfutter & Aufzucht", "description": "Unterstützung für das mentale Wohlbefinden Mit Alpha-Casozepin und L-Tryptophan Cremige Licks - auch für wählerische Katzen"}
{"url": "https://www.fressnapf.de/p/macs-cat-adult-trockenfutter-lachs--forelle-15-kg-1251940/", "product_name": "MAC's Cat Adult Trockenfutter Lachs & Forelle 1,5 kg", "brand": "MAC's Trockenfutter", "regular_price": 19.75, "selling_price": 14.99, "price_per_unit": 9.99, "breadcrumbs": "Katze > Katzenfutter > Trockenfutter", "description": "Made in Germany Getreidefrei Glutenfrei"}
{"url": "https://www.fressnapf.de/p/dogsn-tiger-schlemmermaeulchen-15-kg-1753031/", "product_name": "Dogs'n Tiger Schlemmermäulchen 1,5 kg", "brand": "Dogs'n Tiger Trockenfutter", "regular_price": 0.0, "selling_price": 14.99, "price_per_unit": 0.0, "breadcrumbs": "Katze > Katzenfutter > Trockenfutter", "description": "Trockenfutter in bester Qualität für erwachsene Katzen 55% Truthahn und 20% Lachs Obst und Gemüse versorgen mit Vitaminen und Mineralstoffen"}
{"url": "https://www.fressnapf.de/p/lucky-lou-lucky-ones-sticks-8x50-g-mix-pack-1693965/", "product_name": "Lucky Lou Lucky Ones Sticks 8x50 g Mix-Pack", "brand": "Lucky Lou Snacks", "regular_price": 0.0, "selling_price": 14.99, "price_per_unit": 0.0, "breadcrumbs": "Katze > Katzenfutter > Snacks", "description": "Semi-moist, soft und verführerisch Mit bis zu 87 % tierischen Zutaten Ohne Gluten & Getreide/ Ohne Zuckerzusätze/ Ohne Gentechnik und Tierversuche"}
{"url": "https://www.fressnapf.de/p/animonda-vom-feinsten-adult-raffinesse-in-sauce-mixpack-24x85-g-1840401/", "product_name": "animonda Vom Feinsten Adult Raffinesse in Sauce Mixpack 24x85 g", "brand": "animonda Nassfutter", "regular_price": 0.0, "selling_price": 14.99, "price_per_unit": 0.0, "breadcrumbs": "Katze > Katzenfutter > Nassfutter", "description": "Raffiniertes Genusserlebnis Zarte Stückchen in delikater Sauce Ohne Soja, ohne Zucker"}
{"url": "https://www.fressnapf.de/p/animonda-vom-feinsten-kitten-raffinesse-in-sauce-mixpack-24x85-g-1840403/", "product_name": "animonda Vom Feinsten Kitten Raffinesse in Sauce Mixpack 24x85 g", "brand": "animonda Nassfutter", "regular_price": 0.0, "selling_price": 14.99, "price_per_unit": 0.0, "breadcrumbs": "Katze > Katzenfutter > Nassfutter", "description": "Raffiniertes Genusserlebnis Zarte Stückchen in delikater Sauce Ohne Soja, ohne Zucker"}
{"url": "https://www.fressnapf.de/p/sheba-finesse-feine-pastete-22x85g-lachs-1668925/", "product_name": "Sheba Finesse Feine Pastete 22x85g Lachs", "brand": "Sheba Nassfutter", "regular_price": 0.0, "selling_price": 14.99, "price_per_unit": 0.0, "breadcrumbs": "Katze > Katzenfutter > Nassfutter", "description": "Hochwertiges Nassfutter, das Ihre Katze mit allen Nährstoffen versorgt Alleinfuttermittel für ausgewachsene Katzen Hergestellt mit natürlichen und hochwertigen Inhaltsstoffen für eine ausgewogene Ernährung"}
{"url": "https://www.fressnapf.de/p/sheba-freshfine-in-sauce-5x-15x50-g-fisch-1715739/", "product_name": "Sheba Fresh&Fine in Sauce 5x 15x50 g Fisch", "brand": "Sheba Nassfutter", "regular_price": 0.0, "selling_price": 14.99, "price_per_unit": 0.0, "breadcrumbs": "Katze > Katzenfutter > Nassfutter", "description": "Enthält alle wichtigen Nährstoffe Mit ausgewählten Zutaten Kleine Portionen mit Fisch oder Fleisch in verführerischer Sauce"}
{"url": "https://www.fressnapf.de/p/hills-science-plan-light-adult-multipack-huhn-12x85-g-1110492/", "product_name": "Hill's SCIENCE PLAN Light Adult Multipack Huhn 12x85 g", "brand": "Hill's Nassfutter", "regular_price": 16.99, "selling_price": 14.99, "price_per_unit": 14.7, "breadcrumbs": "Katze > Katzenfutter > Nassfutter", "description": "Klinisch erprobte Ernährung, die hilft, ein gesundes Gewicht zu erhalten. Das Kalorienreduzierte Futter, das hilft, ein ideales Gewicht zu erhalten Liefert L-Carnitin, um ein ideales Körpergewicht bei Ihrer erwachsenen Katze zu fördern"}
{"url": "https://www.fressnapf.de/p/catz-finefood-nassfutter-katze-classic-adult-no-9-wild-6x300-g-1790625/", "product_name": "Catz finefood Nassfutter Katze Classic Adult No. 9 Wild 6x300 g", "brand": "Catz finefood Nassfutter", "regular_price": 0.0, "selling_price": 15.29, "price_per_unit": 0.0, "breadcrumbs": "Katze > Katzenfutter > Nassfutter", "description": "Ausgewogenes Alleinfuttermittel nach dem Beutetier-Konzept Katzengerechte und hochverdauliche Rezepturen Made in Germany"}
{"url": "https://www.fressnapf.de/p/catz-finefood-nassfutter-katze-classic-kitten-1790621/", "product_name": "Catz finefood Nassfutter Katze Classic Kitten", "brand": "Catz finefood Nassfutter", "regular_price": 0.0, "selling_price": 15.29, "price_per_unit": 0.0, "breadcrumbs": "Katze > Katzenfutter > Nassfutter", "description": "Ausgewogenes Alleinfuttermittel für heranwachsende Katzen nach dem Beuterierkonzept katzengerechte und hochverdauliche Rezepturen Begleitet Katzen in allen Lebensphasen"}
{"url": "https://www.fressnapf.de/p/fortan-lachsoel-barf-zusatz-500-ml-1711687/", "product_name": "Fortan Lachsöl BARF Zusatz 500 ml", "brand": "Fortan Ergänzungsfutter & Aufzucht", "regular_price": 0.0, "selling_price": 15.4, "price_per_unit": 0.0, "breadcrumbs": "Hund > Hundefutter > Ergänzungsfutter & Aufzucht", "description": "Lebensnotwendige Omega-3- und Omega-6-Fettsäuren - Schafft Vitalität und Wohlbefinden Trächtige und säugende Hündinnen benötigen höhere Fettsäuregehalte Versorgung im Fellwechsel und bei ernährungsbedingt schuppiger Haut"}
{"url": "https://www.fressnapf.de/p/bellfor-hundefutter-nass-mit-huhn---freiland-menue---6x200g-1822292/", "product_name": "Bellfor Hundefutter Nass mit Huhn - Freiland-Menü - 6x200g", "brand": "Bellfor Hundenassfutter", "regular_price": 0.0, "selling_price": 15.49, "price_per_unit": 0.0, "breadcrumbs": "Hund > Hundefutter > Hundenassfutter", "description": "Ausgesuchtes Fleisch, erntefrische Gemüse und natürliche Zutaten stehen für die Bellfor Lieblingsmenüs"}
{"url": "https://www.fressnapf.de/p/macs-nassfutter-kitten-pute--kaninchen-12x200-g-1920127/", "product_name": "MAC's Nassfutter Kitten Pute & Kaninchen 12x200 g", "brand": "MAC's Nassfutter", "regular_price": 0.0, "selling_price": 15.49, "price_per_unit": 0.0, "breadcrumbs": "Katze > Katzenfutter > Nassfutter", "description": "Hoher Fleischanteil Getreidefrei made in Germany"}
{"url": "https://www.fressnapf.de/p/happy-cat-adult-minkas-duo-gefluegel--lamm-pat-16x100-g-1832317/", "product_name": "HAPPY CAT Adult Minkas Duo Geflügel & Lamm Paté 16x100 g", "brand": "HAPPY CAT Nassfutter", "regular_price": 0.0, "selling_price": 15.69, "price_per_unit": 0.0, "breadcrumbs": "Katze > Katzenfutter > Nassfutter", "description": "Getreidefreie Rezeptur Feines Paté Geflügel & Lamm"}
{"url": "https://www.fressnapf.de/p/happy-cat-adult-minkas-duo-rind--kaninchen-pat-16x100-g-1832315/", "product_name": "HAPPY CAT Adult Minkas Duo Rind & Kaninchen Paté 16x100 g", "brand": "HAPPY CAT Nassfutter", "regular_price": 0.0, "selling_price": 15.69, "price_per_unit": 0.0, "breadcrumbs": "Katze > Katzenfutter > Nassfutter", "description": "Getreidefreie Rezeptur Feines Paté Mit Rind & Kaninchen"}
{"url": "https://www.fressnapf.de/p/happy-cat-adult-minkas-duo-gefluegel--lachs-pat-16x100-g-1832316/", "product_name": "HAPPY CAT Adult Minkas Duo Geflügel & Lachs Paté 16x100 g", "brand": "HAPPY CAT Nassfutter", "regular_price": 0.0, "selling_price": 15.69, "price_per_unit": 0.0, "breadcrumbs": "Katze > Katzenfutter > Nassfutter", "description": "Getreidefreie Rezeptur Feines Paté Geflügel & Lachs"}
{"url": "https://www.fressnapf.de/p/happy-cat-adult-minkas-duo-gefluegel--rind-pat-16x100-g-1832318/", "product_name": "HAPPY CAT Adult Minkas Duo Geflügel & Rind Paté 16x100 g", "brand": "HAPPY CAT Nassfutter", "regular_price": 0.0, "selling_price": 15.69, "price_per_unit": 0.0, "breadcrumbs": "Katze > Katzenfutter > Nassfutter", "description": "Getreidefreie Rezeptur Feines Paté Geflügel & Rind"}
{"url": "https://www.fressnapf.de/p/happy-cat-adult-minkas-duo-rind--lachs-pat-16x100-g-1832314/", "product_name": "HAPPY CAT Adult Minkas Duo Rind & Lachs Paté 16x100 g", "brand": "HAPPY CAT Nassfutter", "regular_price": 0.0, "selling_price": 15.69, "price_per_unit": 0.0, "breadcrumbs": "Katze > Katzenfutter > Nassfutter", "description": "Getreidefreie Rezeptur Feines Paté Mit Rind & Lachs"}
{"url": "https://www.fressnapf.de/p/lucky-lou-maeusle-mix-box-20x28-g-1451095/", "product_name": "Lucky Lou Mäusle Mix-Box 20x28 g", "brand": "Lucky Lou Nassfutter", "regular_price": 0.0, "selling_price": 15.79, "price_per_unit": 0.0, "breadcrumbs": "Katze > Katzenfutter > Nassfutter", "description": "Spannende Mausform Bestes Monoprotein-Paté Tolle Zutaten wie Filet, Fisch, Öl und Ei"}
{"url": "https://www.fressnapf.de/p/annimally-haut--fell-pulver-1721738/", "product_name": "Annimally Haut & Fell Pulver", "brand": "Annimally Ergänzungsfutter & Aufzucht", "regular_price": 0.0, "selling_price": 15.85, "price_per_unit": 0.0, "breadcrumbs": "Hund > Hundefutter > Ergänzungsfutter & Aufzucht", "description": "Bierhefe, Spirulina, Biotin, Zink, Calcium und Co. – unser Haut- und Fell Pulver enthält beste Qualität in Pulverform."}
{"url": "https://www.fressnapf.de/p/reavet-hanfoel-naturrein-250ml-1713403/", "product_name": "REAVET Hanföl naturrein 250ml", "brand": "REAVET Ergänzungsfutter & Aufzucht", "regular_price": 0.0, "selling_price": 15.9, "price_per_unit": 0.0, "breadcrumbs": "Hund > Hundefutter > Ergänzungsfutter & Aufzucht", "description": "Unterstützung für ein vitales & glänzendes Fell Erhaltung des Immunsystems Unterstützung der normalen Gelenkfunktion"}
{"url": "https://www.fressnapf.de/p/reavet-omega-3-lachsoel-500ml-1713378/", "product_name": "REAVET Omega-3 Lachsöl 500ml", "brand": "REAVET Ergänzungsfutter & Aufzucht", "regular_price": 0.0, "selling_price": 15.9, "price_per_unit": 0.0, "breadcrumbs": "Hund > Hundefutter > Ergänzungsfutter & Aufzucht", "description": "Besonders reich an Omega-3- & 6-Fettsäuren Förderung der Gelenkfunktion Glänzendes Fell und vitale Haut"}
{"url": "https://www.fressnapf.de/p/reavet-magenmild-pulver-50g-1714999/", "product_name": "REAVET Magenmild Pulver 50g", "brand": "REAVET Ergänzungsfutter & Aufzucht", "regular_price": 0.0, "selling_price": 15.9, "price_per_unit": 0.0, "breadcrumbs": "Katze > Katzenfutter > Ergänzungsfutter & Aufzucht", "description": "Unterstützt die Verdauung Verbessert die Kotbeschaffenheit Harmonisiert die Magen-Darmtätigkeit"}
{"url": "https://www.fressnapf.de/p/moments-topping-powder-kaese-8x35-g-1696308/", "product_name": "MOMENTS Topping Powder Käse 8x35 g", "brand": "MOMENTS Nassfutter", "regular_price": 0.0, "selling_price": 15.92, "price_per_unit": 0.0, "breadcrumbs": "Katze > Katzenfutter > Nassfutter", "description": "Ideal als Topping für intensiveren Geschmack Hoher Fleischanteil Getreide- und glutenfrei. Ohne Zusatz von Zucker, künstlichen Farbstoffen oder Konservierungsmitteln."}
{"url": "https://www.fressnapf.de/p/fit-barf-gruenlippmuschel-35-g-1225461/", "product_name": "Fit-BARF Grünlippmuschel 35 g", "brand": "Fit-BARF Ergänzungsfutter & Aufzucht", "regular_price": 0.0, "selling_price": 15.95, "price_per_unit": 0.0, "breadcrumbs": "Hund > Hundefutter > Ergänzungsfutter & Aufzucht", "description": "Einzelfuttermittel zur optimalen Versorgung mit ungesättigten Fettsäuren & Vitaminen Die Nährstoffe können einen positiven Effekt auf die Schleimhäute, die Vitalität und den Stoffwechsel haben Enthält 100 % gefriergetrocknete Grünlippmuschel"}
{"url": "https://www.fressnapf.de/p/fit-barf-bierhefe-680g-1667846/", "product_name": "Fit-BARF Bierhefe 680g", "brand": "Fit-BARF Ergänzungsfutter & Aufzucht", "regular_price": 0.0, "selling_price": 15.95, "price_per_unit": 0.0, "breadcrumbs": "Hund > Hundefutter > Ergänzungsfutter & Aufzucht", "description": "Einzelfuttermittel zur optimalen Versorgung mit Vitamin B und Mineralien Enthält hochwertige Bierhefe zur ernährungsbedingten Unterstützung der Darmflora Für die individuelle Zusammenstellung des Speiseplanes Ihres Tieres"}
{"url": "https://www.fressnapf.de/p/cdvet-zytovet-forte-25-g-1718772/", "product_name": "cdVet ZytoVet forte 25 g", "brand": "cdVet Ergänzungsfutter & Aufzucht", "regular_price": 0.0, "selling_price": 15.95, "price_per_unit": 0.0, "breadcrumbs": "Hund > Hundefutter > Ergänzungsfutter & Aufzucht", "description": "Ergänzungsfuttermittel für Hunde, Katzen und Pferde zur ernährungsbedingten Unterstützung des Immunsystems und des Zellstoffwechsels Zur Versorgung des Tieres mit wichtigen Vitaminen, Spurenelementen, Aminosäuren und ausgesuchten Kräutern Liefert dem Tier wichtige Nährstoffe, die für die körpereigene Abwehr, den Zellstoffwechsel und das Immunsystem wichtig sind"}
{"url": "https://www.fressnapf.de/p/cdvet-harnwegemix-125-g-1060127/", "product_name": "cdVet HarnwegeMix 12,5 g", "brand": "cdVet Ergänzungsfutter & Aufzucht", "regular_price": 0.0, "selling_price": 15.95, "price_per_unit": 0.0, "breadcrumbs": "Hund > Hundefutter > Ergänzungsfutter & Aufzucht", "description": "Futterergänzungsmittel für Hunde & Katzen zur ernährungsbedingten Unterstützung des harnbildenden Systems Enthält Nährstoffe, die den natürlichen Harndrang fördern und so die Ausscheidung von negativen Bakterien beeinflussen Mit Schachtelhalm, Propolis und mit natürlichen Tanninen"}
{"url": "https://www.fressnapf.de/p/singulares-bio-moringa-100-g-1710162/", "product_name": "Singulares Bio-Moringa 100 g", "brand": "Singulares Ergänzungsfutter & Aufzucht", "regular_price": 0.0, "selling_price": 15.95, "price_per_unit": 0.0, "breadcrumbs": "Hund > Hundefutter > Ergänzungsfutter & Aufzucht", "description": "handgeerntet, schonend getrocknet und gemahlen, fair und direkt gehandeltes Pulver Von Natur aus reich an Antioxidantien und eine sehr gute Quelle für Vitamin A, B und C Enthält 90 wichtige Nährstoffe, Vitamine und Mineralstoffe, essenzielle Aminosäuren und sekundäre Pflanzenstoffe"}
{"url": "https://www.fressnapf.de/p/singulares-lachsoel-1712874/", "product_name": "Singulares Lachsöl", "brand": "Singulares Ergänzungsfutter & Aufzucht", "regular_price": 0.0, "selling_price": 15.95, "price_per_unit": 0.0, "breadcrumbs": "Hund > Hundefutter > Ergänzungsfutter & Aufzucht", "description": "Einzelfuttermittel für Tiere aus 100% nativem Lachsöl Ideal als Ergänzung beim Barfen Natürlich Quelle für Omega-3-Fettsäuren"}
{"url": "https://www.fressnapf.de/p/cdvet-bio-fell--haut-vital-oel-50-ml-1275434/", "product_name": "cdVet Bio Fell & Haut Vital Öl 50 ml", "brand": "cdVet Ergänzungsfutter & Aufzucht", "regular_price": 0.0, "selling_price": 15.95, "price_per_unit": 0.0, "breadcrumbs": "Hund > Hundefutter > Ergänzungsfutter & Aufzucht", "description": "Ergänzungsfuttermittel für Hunde und Katzen zur Versorgung mit ausgewählten essentiellen Fettsäuren für Fell und Haut Liefert dem Tier hochwertige & signifikante Vitalstoffe in Bio-Qualität Bewährter Futterzusatz zum Ausgleich eines erhöhten Nährstoffbedarfs in Zeiten von Fellwechsel oder übermäßigem Haaren"}
{"url": "https://www.fressnapf.de/p/bellfor-hundefutter-nass-mit-insekten---landgut-menue---6x200g-1767090/", "product_name": "Bellfor Hundefutter Nass mit Insekten - Landgut-Menü - 6x200g", "brand": "Bellfor Hundenassfutter", "regular_price": 0.0, "selling_price": 15.99, "price_per_unit": 0.0, "breadcrumbs": "Hund > Hundefutter > Hundenassfutter", "description": "Hochwertige, hypoallergene Inhaltsstoffe Unterstützung des Immunsystems Nierengesundheit"}
{"url": "https://www.fressnapf.de/p/i-love-my-cat-trockenfutter-fuer-katzen-mit-huhn---12-kg-1767038/", "product_name": "I love my cat Trockenfutter für Katzen mit Huhn - 1,2 kg", "brand": "I love my cat Hundetrockenfutter", "regular_price": 0.0, "selling_price": 15.99, "price_per_unit": 0.0, "breadcrumbs": "Hund > Hundefutter > Hundetrockenfutter", "description": "Das Katzen Trockenfutter enthält 50 Prozent Hühnerfleisch, sodass Ihr Vierbeiner optimal mit wichtigen tierischen Proteinen versorgt wird Unser Getreidefrei Katzenfutter Trocken mit Huhn enthält neben getrocknetem auch frisches Hühnerfleisch Dadurch ist das Futter besonders schmackhaft Sorgfältig ausgewählte Zutaten und eine durchdachte Zusammensetzung machen das Trockenfutter ohne zucker mit Huhn zu einer guten Wahl für alle Katzen"}
{"url": "https://www.fressnapf.de/p/happy-cat-adult-culinary-meat-in-sauce-land-gefluegel-20x85-g-1832506/", "product_name": "HAPPY CAT Adult Culinary Meat in Sauce Land Geflügel 20x85 g", "brand": "HAPPY CAT Nassfutter", "regular_price": 0.0, "selling_price": 15.99, "price_per_unit": 0.0, "breadcrumbs": "Katze > Katzenfutter > Nassfutter", "description": "Getreidefreie Rezeptur Mit leckerer Sauce All in One Natural Life Concept"}
{"url": "https://www.fressnapf.de/p/happy-cat-adult-culinary-meat-in-sauce-weide-lamm-20x85-g-1832501/", "product_name": "HAPPY CAT Adult Culinary Meat in Sauce Weide Lamm 20x85 g", "brand": "HAPPY CAT Nassfutter", "regular_price": 0.0, "selling_price": 15.99, "price_per_unit": 0.0, "breadcrumbs": "Katze > Katzenfutter > Nassfutter", "description": "Getreidefreie Rezeptur Mit leckerer Sauce All in One Natural Life Concept"}
{"url": "https://www.fressnapf.de/p/happy-cat-adult-culinary-meat-in-sauce-atlantik-lachs-20x85-g-1832502/", "product_name": "HAPPY CAT Adult Culinary Meat in Sauce Atlantik Lachs 20x85 g", "brand": "HAPPY CAT Nassfutter", "regular_price": 0.0, "selling_price": 15.99, "price_per_unit": 0.0, "breadcrumbs": "Katze > Katzenfutter > Nassfutter", "description": "Getreidefreie Rezeptur Mit leckerer Sauce All in One Natural Life Concept"}
{"url": "https://www.fressnapf.de/p/happy-cat-adult-culinary-meat-in-sauce-voralpen-rind-20x85-g-1832503/", "product_name": "HAPPY CAT Adult Culinary Meat in Sauce Voralpen Rind 20x85 g", "brand": "HAPPY CAT Nassfutter", "regular_price": 0.0, "selling_price": 15.99, "price_per_unit": 0.0, "breadcrumbs": "Katze > Katzenfutter > Nassfutter", "description": "Getreidefreie Rezeptur Mit leckerer Sauce All in One Natural Life Concept"}
{"url": "https://www.fressnapf.de/p/happy-cat-adult-culinary-meat-in-sauce-quellwasser-forelle-20x85-g-1832504/", "product_name": "HAPPY CAT Adult Culinary Meat in Sauce Quellwasser Forelle 20x85 g", "brand": "HAPPY CAT Nassfutter", "regular_price": 0.0, "selling_price": 15.99, "price_per_unit": 0.0, "breadcrumbs": "Katze > Katzenfutter > Nassfutter", "description": "Getreidefreie Rezeptur Mit leckerer Sauce All in One Natural Life Concept"}
{"url": "https://www.fressnapf.de/p/happy-cat-adult-culinary-meat-in-sauce-land-ente-20x85-g-1832505/", "product_name": "HAPPY CAT Adult Culinary Meat in Sauce Land Ente 20x85 g", "brand": "HAPPY CAT Nassfutter", "regular_price": 0.0, "selling_price": 15.99, "price_per_unit": 0.0, "breadcrumbs": "Katze > Katzenfutter > Nassfutter", "description": "Getreidefreie Rezeptur Mit leckerer Sauce All in One Natural Life Concept"}
{"url": "https://www.fressnapf.de/p/happy-cat-adult-care-meat-in-sauce-magen--darm-20x85-g-1832507/", "product_name": "HAPPY CAT Adult Care Meat in Sauce Magen & Darm 20x85 g", "brand": "HAPPY CAT Nassfutter", "regular_price": 0.0, "selling_price": 15.99, "price_per_unit": 0.0, "breadcrumbs": "Katze > Katzenfutter > Nassfutter", "description": "Getreidefreie Rezeptur Mit leckerer Sauce All in One Natural Life Concept"}
{"url": "https://www.fressnapf.de/p/happy-cat-adult-care-meat-in-sauce-haut--fell-20x85-g-1832508/", "product_name": "HAPPY CAT Adult Care Meat in Sauce Haut & Fell 20x85 g", "brand": "HAPPY CAT Nassfutter", "regular_price": 0.0, "selling_price": 15.99, "price_per_unit": 0.0, "breadcrumbs": "Katze > Katzenfutter > Nassfutter", "description": "Getreidefreie Rezeptur Mit leckerer Sauce All in One Natural Life Concept"}
{"url": "https://www.fressnapf.de/p/happy-cat-young-meat-in-sauce-kitten--junior-land-ente-20x85-g-1832320/", "product_name": "HAPPY CAT Young Meat in Sauce Kitten & Junior Land Ente 20x85 g", "brand": "HAPPY CAT Nassfutter", "regular_price": 0.0, "selling_price": 15.99, "price_per_unit": 0.0, "breadcrumbs": "Katze > Katzenfutter > Nassfutter", "description": "Getreidefreie Rezeptur Mit leckerer Sauce All in One Natural Life Concept"}
{"url": "https://www.fressnapf.de/p/kattovit-vital-care-indoor-24x85g-1658549/", "product_name": "KATTOVIT Vital Care Indoor 24x85g", "brand": "KATTOVIT Nassfutter", "regular_price": 18.0, "selling_price": 15.99, "price_per_unit": 7.84, "breadcrumbs": "Katze > Katzenfutter > Nassfutter", "description": "Kombiniert funktionale Ernährung mit einem hervorragenden Geschmack Ausgewogene Vollnahrung Stückchen in Sauce"}
{"url": "https://www.fressnapf.de/p/josera-soup-huhn-mit-karotte--spinat-16-x-70g-1397104/", "product_name": "Josera Soup Huhn mit Karotte & Spinat (16 x 70g)", "brand": "Josera Nassfutter", "regular_price": 0.0, "selling_price": 16.49, "price_per_unit": 0.0, "breadcrumbs": "Katze > Katzenfutter > Nassfutter", "description": "Für ausgewachsene gesunde und sensible Katzen geeignet Ideal als getreidefreie Ergänzung zum Trockenfutter geeignet Versorgt auch trinkfaule Katzen genussvoll mit Flüssigkeit"}
{"url": "https://www.fressnapf.de/p/sheba-schale-selection-in-sauce-haeppchen-mit-huhn-22-x-85g-1654822/", "product_name": "Sheba Schale Selection in Sauce Häppchen mit Huhn 22 x 85g", "brand": "Sheba Nassfutter", "regular_price": 0.0, "selling_price": 16.49, "price_per_unit": 0.0, "breadcrumbs": "Katze > Katzenfutter > Nassfutter", "description": "Hochwertiges Nassfutter, das Ihre Katze mit allen Nährstoffen versorgt Alleinfuttermittel für ausgewachsene Katzen Hergestellt mit natürlichen und hochwertigen Inhaltsstoffen für eine ausgewogene Ernährung"}
{"url": "https://www.fressnapf.de/p/hills-science-plan-adult-huhn-12-x-85-g-1689622/", "product_name": "Hill's SCIENCE PLAN Adult Huhn 12 x 85 g", "brand": "Hill's Nassfutter", "regular_price": 16.99, "selling_price": 16.49, "price_per_unit": 16.17, "breadcrumbs": "Katze > Katzenfutter > Nassfutter", "description": "Für die Gesundheit der Nieren und der Blase Hochwertiges Protein hilft, schlanke Muskeln aufzubauen und zu erhalten Vitamine & Omega-3 / 6-Fettsäuren sorgen für gesunde Haut und gesundes Fell"}
{"url": "https://www.fressnapf.de/p/hills-prescription-diet-urinary-care-sd-mit-huhn-12x85g-1685586/", "product_name": "Hill's Prescription Diet Urinary Care s/d mit Huhn 12x85g", "brand": "Hill's", "regular_price": 17.95, "selling_price": 16.49, "price_per_unit": 16.17, "breadcrumbs": "PLP > VET Diäten > Katze > Urinary", "description": "Schnelle Auflösung von Struvitsteinen Niedriger Magnesium- und Phosphorgehalt Fördert einen angestrebten Urin-pH-Wert"}
{"url": "https://www.fressnapf.de/p/bellfor-shiimun-immun-pulver-fuer-hunde-und-katzen-mit-shiitake---50g-1767053/", "product_name": "Bellfor Shiimun Immun Pulver für Hunde und Katzen mit Shiitake - 50g", "brand": "Bellfor Ergänzungsfutter & Aufzucht", "regular_price": 0.0, "selling_price": 16.5, "price_per_unit": 0.0, "breadcrumbs": "Hund > Hundefutter > Ergänzungsfutter & Aufzucht", "description": "Reich an wertvollen Nährstoffen Mit gemahlenem Shiitake Ohne künstliche Zusätze"}
{"url": "https://www.fressnapf.de/p/marsapet-shiimun-skin-pulver-fuer-hunde-und-katzen-mit-shiitake---50g-1767052/", "product_name": "Marsapet Shiimun Skin Pulver für Hunde und Katzen mit Shiitake - 50g", "brand": "Marsapet Ergänzungsfutter & Aufzucht", "regular_price": 0.0, "selling_price": 16.5, "price_per_unit": 0.0, "breadcrumbs": "Hund > Hundefutter > Ergänzungsfutter & Aufzucht", "description": "Verleiht dem Fell Ihres Hunde und Katzen neuen Glanz Mit Shiitake und anderen hochwertigen natürlichen Zutaten Frei von künstlichen Inhaltsstoffen"}
{"url": "https://www.fressnapf.de/p/bellfor-shiimun-gastro-pulver-fuer-hunde-und-katzen-mit-shiitake---50g-1767051/", "product_name": "Bellfor Shiimun Gastro Pulver für Hunde und Katzen mit Shiitake - 50g", "brand": "Bellfor Ergänzungsfutter & Aufzucht", "regular_price": 0.0, "selling_price": 16.5, "price_per_unit": 0.0, "breadcrumbs": "Hund > Hundefutter > Ergänzungsfutter & Aufzucht", "description": "Hohe Bekömmlichkeit Leicht zu dosieren Frei von künstlichen Inhaltsstoffen"}
{"url": "https://www.fressnapf.de/p/i-love-my-cat-nahrungsergaenzung-fuer-katzen---immun-pulver---80g-1767068/", "product_name": "I love my cat Nahrungsergänzung für Katzen - Immun Pulver - 80g", "brand": "I love my cat Ergänzungsfutter & Aufzucht", "regular_price": 0.0, "selling_price": 16.5, "price_per_unit": 0.0, "breadcrumbs": "Katze > Katzenfutter > Ergänzungsfutter & Aufzucht", "description": "Sorgfältig abgestimmte Zusammensetzung Ohne künstliche Zusatzstoffe Von Tierärzten entwickelte Rezeptur"}
{"url": "https://www.fressnapf.de/p/i-love-my-cat-nierenkraft-pulver---80g-1767070/", "product_name": "I love my cat Nierenkraft Pulver - 80g", "brand": "I love my cat Ergänzungsfutter & Aufzucht", "regular_price": 0.0, "selling_price": 16.5, "price_per_unit": 0.0, "breadcrumbs": "Katze > Katzenfutter > Ergänzungsfutter & Aufzucht", "description": "Sorgfältig zusammengestellte Kräutermischung Einfache Anwendung als Beigabe zum Futter Frei von künstlichen Zusätzen"}
{"url": "https://www.fressnapf.de/p/bellfor-shiimun-calm-pulver-fuer-hunde-und-katzen-mit-shiitake---50g-1767050/", "product_name": "Bellfor Shiimun Calm Pulver für Hunde und Katzen mit Shiitake - 50g", "brand": "Bellfor Ergänzungsfutter & Aufzucht", "regular_price": 0.0, "selling_price": 16.5, "price_per_unit": 0.0, "breadcrumbs": "Hund > Hundefutter > Ergänzungsfutter & Aufzucht", "description": "Mit Shiitake und anderen ausgewählten natürlichen Zutaten Einfache Dosierung und gute Verträglichkeit Ohne künstliche Zusätze"}
{"url": "https://www.fressnapf.de/p/i-love-my-cat-gastro-relax-pulver---80g-1767077/", "product_name": "I love my cat Gastro Relax Pulver - 80g", "brand": "I love my cat Snacks", "regular_price": 0.0, "selling_price": 16.5, "price_per_unit": 0.0, "breadcrumbs": "Katze > Katzenfutter > Snacks", "description": "Ausgewählte Inhaltsstoffe in hoher Qualität Einfache Anwendung und Dosierung Für alle Katzen geeignet"}
{"url": "https://www.fressnapf.de/p/i-love-my-cat-shiimun-dental-pulver---50g-1767113/", "product_name": "I love my cat Shiimun Dental Pulver - 50g", "brand": "I love my cat Ergänzungsfutter & Aufzucht", "regular_price": 0.0, "selling_price": 16.5, "price_per_unit": 0.0, "breadcrumbs": "Katze > Katzenfutter > Ergänzungsfutter & Aufzucht", "description": "Besonders bekömmlich durch natürliche Inhaltsstoffe Perfekt für die tägliche Reinigung der Katzenzähne Unterstützt die Zahnfleischgesundheit"}
{"url": "https://www.fressnapf.de/p/marsapet-shiimun-vitalizer-pulver-fuer-katzen---50g-1767100/", "product_name": "Marsapet Shiimun Vitalizer Pulver für Katzen - 50g", "brand": "Marsapet Ergänzungsfutter & Aufzucht", "regular_price": 0.0, "selling_price": 16.5, "price_per_unit": 0.0, "breadcrumbs": "Katze > Katzenfutter > Ergänzungsfutter & Aufzucht", "description": "Zur Unterstützung der Fertilität Für vitale Katzensenioren Ohne künstliche Zusätze"}
{"url": "https://www.fressnapf.de/p/i-love-my-cat-shiimun-slim-pulver-fuer-katzen---50g-1767094/", "product_name": "I love my cat Shiimun Slim Pulver für Katzen - 50g", "brand": "I love my cat Ergänzungsfutter & Aufzucht", "regular_price": 0.0, "selling_price": 16.5, "price_per_unit": 0.0, "breadcrumbs": "Katze > Katzenfutter > Ergänzungsfutter & Aufzucht", "description": "Effektives Gewichtsmanagement Hochwertige Inhaltsstoffe Sicher und gut verträglich"}
{"url": "https://www.fressnapf.de/p/i-love-my-cat-dental-pulver---80g-1767075/", "product_name": "I love my cat Dental Pulver - 80g", "brand": "I love my cat Ergänzungsfutter & Aufzucht", "regular_price": 0.0, "selling_price": 16.5, "price_per_unit": 0.0, "breadcrumbs": "Katze > Katzenfutter > Ergänzungsfutter & Aufzucht", "description": "Ausschließlich natürliche Inhaltsstoffe Ohne künstliche Zusätze Einfach anzuwenden und zu dosieren"}
{"url": "https://www.fressnapf.de/p/annimally-relax-rescue-liquid-1721739/", "product_name": "Annimally Relax Rescue Liquid", "brand": "Annimally Ergänzungsfutter & Aufzucht", "regular_price": 0.0, "selling_price": 16.85, "price_per_unit": 0.0, "breadcrumbs": "Hund > Hundefutter > Ergänzungsfutter & Aufzucht", "description": "Statt auf Bachblüten setzen wir auf effektiveres L-Tryptophan mit Moringa, Ashwagandha, Magnesium, Passionsblume, Johanniskraut & Hopfen."}
{"url": "https://www.fressnapf.de/p/reavet-bachblueten-globuli---raufbold-10g-1714949/", "product_name": "REAVET Bachblüten Globuli - Raufbold 10g", "brand": "REAVET Ergänzungsfutter & Aufzucht", "regular_price": 0.0, "selling_price": 16.9, "price_per_unit": 0.0, "breadcrumbs": "Hund > Hundefutter > Ergänzungsfutter & Aufzucht", "description": "Zur Beruhigung und Entspannung Original Bachblüten nach der Lehre von Dr. Bach Natürliche & pflanzliche Inhaltsstoffen"}
{"url": "https://www.fressnapf.de/p/reavet-bachblueten-globuli---vet-toxx-10g-1714947/", "product_name": "REAVET Bachblüten Globuli - Vet Toxx 10g", "brand": "REAVET Ergänzungsfutter & Aufzucht", "regular_price": 0.0, "selling_price": 16.9, "price_per_unit": 0.0, "breadcrumbs": "Hund > Hundefutter > Ergänzungsfutter & Aufzucht", "description": "Zur Unterstützung bei der Entschlackung Original Bachblüten nach der Lehre von Dr. Bach Natürliche & pflanzliche Inhaltsstoffen"}
{"url": "https://www.fressnapf.de/p/reavet-bachblueten-globuli---mopsfidel-10g-1714948/", "product_name": "REAVET Bachblüten Globuli - Mopsfidel 10g", "brand": "REAVET Ergänzungsfutter & Aufzucht", "regular_price": 0.0, "selling_price": 16.9, "price_per_unit": 0.0, "breadcrumbs": "Hund > Hundefutter > Ergänzungsfutter & Aufzucht", "description": "Zum allgemeinen Wohlbefinden bei Kraft- und Lustlosigkeit Original Bachblüten nach der Lehre von Dr. Bach Natürliche & pflanzliche Inhaltsstoffen"}
{"url": "https://www.fressnapf.de/p/reavet-magen--darm-tropfen-110ml-1714990/", "product_name": "REAVET Magen & Darm Tropfen 110ml", "brand": "REAVET Ergänzungsfutter & Aufzucht", "regular_price": 0.0, "selling_price": 16.9, "price_per_unit": 0.0, "breadcrumbs": "Hund > Hundefutter > Ergänzungsfutter & Aufzucht", "description": "Magen-Darm-Formel für Haustiere Unterstützung der Magen Darm Funktion rein naturbelassene Pflanzenextrakte"}
{"url": "https://www.fressnapf.de/p/reavet-bachblueten-globuli---hasenfuss-10g-1714950/", "product_name": "REAVET Bachblüten Globuli - Hasenfuß 10g", "brand": "REAVET Ergänzungsfutter & Aufzucht", "regular_price": 0.0, "selling_price": 16.9, "price_per_unit": 0.0, "breadcrumbs": "Hund > Hundefutter > Ergänzungsfutter & Aufzucht", "description": "Zur Beruhigung von ängstlichen und schreckhaften Tieren Original Bachblüten nach der Lehre von Dr. Bach Natürliche & pflanzliche Inhaltsstoffen"}
{"url": "https://www.fressnapf.de/p/reavet-wormwood-mix-pulver-20g-1714926/", "product_name": "REAVET Wormwood Mix Pulver 20g", "brand": "REAVET Ergänzungsfutter & Aufzucht", "regular_price": 0.0, "selling_price": 16.9, "price_per_unit": 0.0, "breadcrumbs": "Katze > Katzenfutter > Ergänzungsfutter & Aufzucht", "description": "Wurmkur sekundierend Von Experten entwickelt Hohe Akzeptanz und einfache Fütterung"}
{"url": "https://www.fressnapf.de/p/reavet-vitamin-komplex-50g-1715007/", "product_name": "REAVET Vitamin Komplex 50g", "brand": "REAVET Ergänzungsfutter & Aufzucht", "regular_price": 0.0, "selling_price": 16.9, "price_per_unit": 0.0, "breadcrumbs": "Katze > Katzenfutter > Ergänzungsfutter & Aufzucht", "description": "Natürliche Unterstützung der Immunkraft Ganzjährige Versorgung mit wichtigen Vitaminen & Mineralstoffen Beugt Nährstoffmangel vor"}
{"url": "https://www.fressnapf.de/p/reavet-wormwood-mix-liquid-110ml-1713453/", "product_name": "REAVET Wormwood Mix Liquid 110ml", "brand": "REAVET Ergänzungsfutter & Aufzucht", "regular_price": 0.0, "selling_price": 16.9, "price_per_unit": 0.0, "breadcrumbs": "Hund > Hundefutter > Ergänzungsfutter & Aufzucht", "description": "Wurmkur sekundierend Mit echtem Wurmkraut Von Experten entwickelt"}
{"url": "https://www.fressnapf.de/p/reavet-bachblueten-globuli---juckfrei-10g-1714952/", "product_name": "REAVET Bachblüten Globuli - Juckfrei 10g", "brand": "REAVET Ergänzungsfutter & Aufzucht", "regular_price": 0.0, "selling_price": 16.9, "price_per_unit": 0.0, "breadcrumbs": "Hund > Hundefutter > Ergänzungsfutter & Aufzucht", "description": "Sanfte Unterstützung bei Juckreiz, Schuppen & Milbenbefall Original Bachblüten nach der Lehre von Dr. Bach Natürliche & pflanzliche Inhaltsstoffen"}
{"url": "https://www.fressnapf.de/p/reavet-ballastovet-50g-1714988/", "product_name": "REAVET BallastoVET 50g", "brand": "REAVET Ergänzungsfutter & Aufzucht", "regular_price": 0.0, "selling_price": 16.9, "price_per_unit": 0.0, "breadcrumbs": "Katze > Katzenfutter > Ergänzungsfutter & Aufzucht", "description": "Natürliche Ballaststoffe Stabilisierung der natürlichen Darmfunktion & Darmflora Für einen optimalen Kotabsatz"}
{"url": "https://www.fressnapf.de/p/reavet-taurin-pulver-100g-1714919/", "product_name": "REAVET Taurin Pulver 100g", "brand": "REAVET Ergänzungsfutter & Aufzucht", "regular_price": 0.0, "selling_price": 16.9, "price_per_unit": 0.0, "breadcrumbs": "Katze > Katzenfutter > Ergänzungsfutter & Aufzucht", "description": "Positiv für die Herzfunktion Unterstützt das Herz-Kreislauf-System Gleicht Taurinmangel aus"}
{"url": "https://www.fressnapf.de/p/reavet-bachblueten-globuli---vetakut-10g-1714951/", "product_name": "REAVET Bachblüten Globuli - Vetakut 10g", "brand": "REAVET Ergänzungsfutter & Aufzucht", "regular_price": 0.0, "selling_price": 16.9, "price_per_unit": 0.0, "breadcrumbs": "Hund > Hundefutter > Ergänzungsfutter & Aufzucht", "description": "Zur Beruhigung von ängstlichen und schreckhaften Tieren Original Bachblüten nach der Lehre von Dr. Bach Natürliche & pflanzliche Inhaltsstoffen"}
{"url": "https://www.fressnapf.de/p/singulares-bio-sacha-inchi-oel-50-ml-1225472/", "product_name": "Singulares Bio-Sacha Inchi Öl 50 ml", "brand": "Singulares Ergänzungsfutter & Aufzucht", "regular_price": 0.0, "selling_price": 16.95, "price_per_unit": 0.0, "breadcrumbs": "Hund > Hundefutter > Ergänzungsfutter & Aufzucht", "description": "100% nativem Bio-Sacha Inchi Öl aus schonender erster Kaltpressung nach bewährtem cdVet Verfahren hohe Verdaulichkeit von bis zu 96%, daher auch für sensible Tiere gut geeignet Für die individuelle Zusammenstellung des Speiseplans Ihres Tieres"}
{"url": "https://www.fressnapf.de/p/alphazoo-premium-kuerbiskernoel-fuer-hunde-und-katzen-1701993/", "product_name": "ALPHAZOO Premium Kürbiskernöl für Hunde und Katzen", "brand": "ALPHAZOO Ergänzungsfutter & Aufzucht", "regular_price": 0.0, "selling_price": 16.95, "price_per_unit": 0.0, "breadcrumbs": "Hund > Hundefutter > Ergänzungsfutter & Aufzucht", "description": "Natürlich & Nachhaltig Besonders rein & kaltgepresst Abgefüllt in Deutschland"}
{"url": "https://www.fressnapf.de/p/felitatz-immunkraft-1302253/", "product_name": "feliTATZ ImmunKraft", "brand": "feliTATZ Ergänzungsfutter & Aufzucht", "regular_price": 0.0, "selling_price": 16.95, "price_per_unit": 0.0, "breadcrumbs": "Hund > Hundefutter > Ergänzungsfutter & Aufzucht", "description": "100% natürliches und gefriergetrocknetes Rinderkolostrum aus Überschussmilch Besonders geeignet zur Stärkung junger, älterer und geschwächter Katzen Enthält Nährstoffe zur Unterstützung des Immunsystems und der allgemeinen Vitalität"}
{"url": "https://www.fressnapf.de/p/husse-opus-lynx-huhn--kartoffel-2-kg-1746882/", "product_name": "husse Opus Lynx Huhn & Kartoffel 2 kg", "brand": "husse Trockenfutter", "regular_price": 0.0, "selling_price": 16.95, "price_per_unit": 0.0, "breadcrumbs": "Katze > Katzenfutter > Trockenfutter", "description": "Getreidefrei hoher Fleischanteil 100% Lebensmittelqualität"}
{"url": "https://www.fressnapf.de/p/husse-urinary-harnwegsprobleme-1746915/", "product_name": "husse Urinary Harnwegsprobleme", "brand": "husse Trockenfutter", "regular_price": 0.0, "selling_price": 16.95, "price_per_unit": 0.0, "breadcrumbs": "Katze > Katzenfutter > Trockenfutter", "description": "gegen Harnwegsprobleme niedriger Magnesiumgehalt 100% Lebensmittelqualität"}
{"url": "https://www.fressnapf.de/p/husse-lyster-care-huhn--reis-2-kg-1746877/", "product_name": "husse Lyster Care Huhn & Reis 2 kg", "brand": "husse Trockenfutter", "regular_price": 0.0, "selling_price": 16.95, "price_per_unit": 0.0, "breadcrumbs": "Katze > Katzenfutter > Trockenfutter", "description": "Hypoallergen hoher Fleischanteil, besonders für sensible Hunde geeignet 100% Lebensmittelqualität"}
{"url": "https://www.fressnapf.de/p/husse-sterilised-huhn--mais-2-kg-1746926/", "product_name": "husse Sterilised Huhn & Mais 2 kg", "brand": "husse Trockenfutter", "regular_price": 0.0, "selling_price": 16.95, "price_per_unit": 0.0, "breadcrumbs": "Katze > Katzenfutter > Trockenfutter", "description": "mit L-Carnitin hoher Fleischanteil 100% Lebensmittelqualität"}
{"url": "https://www.fressnapf.de/p/fit-barf-vital-400-g-1721661/", "product_name": "Fit-BARF Vital 400 g", "brand": "Fit-BARF Ergänzungsfutter & Aufzucht", "regular_price": 0.0, "selling_price": 16.95, "price_per_unit": 0.0, "breadcrumbs": "Hund > Hundefutter > Ergänzungsfutter & Aufzucht", "description": "Ergänzungsfuttermittel zur optimalen Versorgung mit wichtigen Nährstoffen Mit Weizenkeimlingen für die extra Portion bioenergetischer Kraft Fit-BARF Vital ist 100% natürlich & reich an Folsäure und Selen"}
{"url": "https://www.fressnapf.de/p/cdvet-darmaktiv-hund--katze-1049219/", "product_name": "cdVet DarmAktiv Hund & Katze", "brand": "cdVet Ergänzungsfutter & Aufzucht", "regular_price": 0.0, "selling_price": 16.95, "price_per_unit": 0.0, "breadcrumbs": "Hund > Hundefutter > Ergänzungsfutter & Aufzucht", "description": "Zur Unterstützung der Darmflora Fütterungsbedingten Unterstützung der Darmflora und des Immunsystems 100% Naturprodukt"}
{"url": "https://www.fressnapf.de/p/tjure-katze-rind-und-kartoffel-440-g-1342729/", "product_name": "Tjure Katze Rind und Kartoffel 440 g", "brand": "Tjure Snacks", "regular_price": 0.0, "selling_price": 16.98, "price_per_unit": 0.0, "breadcrumbs": "Katze > Katzenfutter > Snacks", "description": "100 % LEBENSMITTELQUALITÄT 26 % MUSKELFLEISCH IDEAL ALS FUTTERTOPPING"}
{"url": "https://www.fressnapf.de/p/i-love-my-cat-trockenfutter-fuer-katzen-mit-lachs---12-kg-1767039/", "product_name": "I love my cat Trockenfutter für Katzen mit Lachs - 1,2 kg", "brand": "I love my cat Hundetrockenfutter", "regular_price": 0.0, "selling_price": 16.99, "price_per_unit": 0.0, "breadcrumbs": "Hund > Hundefutter > Hundetrockenfutter", "description": "Getreidefreie, glutenfreie Zusammensetzung 73% frischem Fisch Enthält hochwertige Omega-3-Fettsäuren"}
{"url": "https://www.fressnapf.de/p/lucky-lou-food-code-adult-ente--gefluegel-17-kg-1748471/", "product_name": "Lucky Lou Food Code Adult Ente & Geflügel 1,7 kg", "brand": "Lucky Lou Trockenfutter", "regular_price": 0.0, "selling_price": 16.99, "price_per_unit": 0.0, "breadcrumbs": "Katze > Katzenfutter > Trockenfutter", "description": "Mit 8 Benefits für ein ganzheitliches Gesundheitskonzept Mit Frischfleisch & hochwertigem, getrockneten Protein Ohne Gluten, Getreide, Zuckerzusätze, Konservierungsstoffe und Gentechnik"}
{"url": "https://www.fressnapf.de/p/mjamjam-quetschie-12x125-g-truthahn-1717425/", "product_name": "MjAMjAM Quetschie 12x125 g Truthahn", "brand": "MjAMjAM Nassfutter", "regular_price": 0.0, "selling_price": 16.99, "price_per_unit": 0.0, "breadcrumbs": "Katze > Katzenfutter > Nassfutter", "description": "Ganz ohne Getreide oder Gluten Ohne Zuckerzusatz Ganz ohne synthetische Konservierungsstoffe"}
{"url": "https://www.fressnapf.de/p/catz-finefood-nassfutter-katze-classic-senior-no-05-lachs--gefluegel-16x85-g-1790629/", "product_name": "Catz finefood Nassfutter Katze Classic Senior No. 05 Lachs & Geflügel 16x85 g", "brand": "Catz finefood Nassfutter", "regular_price": 0.0, "selling_price": 17.29, "price_per_unit": 0.0, "breadcrumbs": "Katze > Katzenfutter > Nassfutter", "description": "Ausgewogenes Alleinfuttermittel für ältere Katzen Über 91 % Fleisch/Fisch/Innereien und Kochsud Ausgewogenes Alleinfuttermittel für ältere Katzen"}
{"url": "https://www.fressnapf.de/p/moments-adult-6-x-220g-huhn-1699026/", "product_name": "MOMENTS Adult 6 x 220g Huhn", "brand": "MOMENTS Nassfutter", "regular_price": 0.0, "selling_price": 17.34, "price_per_unit": 0.0, "breadcrumbs": "Katze > Katzenfutter > Nassfutter", "description": "Aus hochwertigem Fleisch- oder Fisch-Filet Schonend gegart im eigenen Saft Für besondere Genussmomente"}
{"url": "https://www.fressnapf.de/p/fortan-calcium-40-pulver-barf-zusatz-600-g-1711680/", "product_name": "Fortan Calcium 40 Pulver BARF Zusatz 600 g", "brand": "Fortan Ergänzungsfutter & Aufzucht", "regular_price": 0.0, "selling_price": 14.7, "price_per_unit": 0.0, "breadcrumbs": "Hund > Hundefutter > Ergänzungsfutter & Aufzucht", "description": "Reine Calciumergänzung zur Futteroptimierung Ausgleich hoher Phosphorgehalte bei Fleisch- und Innereienfütterung Calciumgehalt 40 %"}
{"url": "https://www.fressnapf.de/p/nd-farmina-tropical-adult-fuer-kastrierte-katzen-lamm-15-kg-1662728/", "product_name": "N&D Farmina Tropical Adult für kastrierte Katzen Lamm 1,5 kg", "brand": "N&D Farmina Trockenfutter", "regular_price": 0.0, "selling_price": 17.49, "price_per_unit": 0.0, "breadcrumbs": "Katze > Katzenfutter > Trockenfutter", "description": "Ohne Getreide Ohne künstliche Konservierungsstoffe \"Cold Infusion\" Technologie"}
{"url": "https://www.fressnapf.de/p/strayz-bio-pute--karotte-in-sosse-6x200-g-1734695/", "product_name": "STRAYZ BIO Pute & Karotte in Soße, 6x200 g", "brand": "STRAYZ Nassfutter", "regular_price": 0.0, "selling_price": 17.49, "price_per_unit": 0.0, "breadcrumbs": "Katze > Katzenfutter > Nassfutter", "description": "70% Fleischanteil - natürlich Monoprotein Ohne Getreide, Zucker, Bindemittel, Konservierungs- oder Lockstoffe Spendet für Straßenkatzen"}
{"url": "https://www.fressnapf.de/p/nd-farmina-tropical-adult-huhn-15-kg-1662729/", "product_name": "N&D Farmina Tropical Adult Huhn 1,5 kg", "brand": "N&D Farmina Trockenfutter", "regular_price": 0.0, "selling_price": 17.49, "price_per_unit": 0.0, "breadcrumbs": "Katze > Katzenfutter > Trockenfutter", "description": "Ohne Getreide Ohne künstliche Konservierungsstoffe \"Cold Infusion\" Technologie"}
{"url": "https://www.fressnapf.de/p/reavet-omega-3-lachsoel-1l-1713379/", "product_name": "REAVET Omega-3 Lachsöl 1L", "brand": "REAVET Ergänzungsfutter & Aufzucht", "regular_price": 0.0, "selling_price": 17.75, "price_per_unit": 0.0, "breadcrumbs": "Hund > Hundefutter > Ergänzungsfutter & Aufzucht", "description": "Besonders reich an Omega-3- & 6-Fettsäuren Förderung der Gelenkfunktion Glänzendes Fell und vitale Haut"}
{"url": "https://www.fressnapf.de/p/venandi-animal-mono-protein-6x400-g-huhn-1689662/", "product_name": "Venandi Animal Mono-Protein 6x400 g Huhn", "brand": "Venandi Nassfutter", "regular_price": 0.0, "selling_price": 17.79, "price_per_unit": 0.0, "breadcrumbs": "Katze > Katzenfutter > Nassfutter", "description": "Regionale Zutaten Ganz ohne Getreide Ohne Zuckerzusatz"}
{"url": "https://www.fressnapf.de/p/annimally-lax-oel-xl-1721724/", "product_name": "Annimally Lax-Öl XL", "brand": "Annimally Ergänzungsfutter & Aufzucht", "regular_price": 0.0, "selling_price": 17.85, "price_per_unit": 0.0, "breadcrumbs": "Hund > Hundefutter > Ergänzungsfutter & Aufzucht", "description": "Wir verwenden natürliches Lachsöl von norwegischen Zuchtlachsen, schonend gewonnen und nachhaltig erzeugt."}
{"url": "https://www.fressnapf.de/p/reavet-afrikanische-teufelskralle-250g-1713391/", "product_name": "REAVET Afrikanische Teufelskralle 250g", "brand": "REAVET Ergänzungsfutter & Aufzucht", "regular_price": 0.0, "selling_price": 17.9, "price_per_unit": 0.0, "breadcrumbs": "Hund > Hundefutter > Ergänzungsfutter & Aufzucht", "description": "Mehr Mobilität für Gelenke, Bänder und Sehnen Unterstützt den Gelenkstoffwechsel Mehr Bewegungsfreude"}
{"url": "https://www.fressnapf.de/p/reavet-immun-aufbau-tropfen-110ml-1714993/", "product_name": "REAVET Immun Aufbau-Tropfen 110ml", "brand": "REAVET Ergänzungsfutter & Aufzucht", "regular_price": 0.0, "selling_price": 17.9, "price_per_unit": 0.0, "breadcrumbs": "Hund > Hundefutter > Ergänzungsfutter & Aufzucht", "description": "Zur Unterstützung des Immunsystems Stärkung der Abwehrkräfte rein naturbelassene Kräutermischung"}
{"url": "https://www.fressnapf.de/p/reavet-feine-mahlzeit-dreierlei-3kg-1840294/", "product_name": "REAVET Feine Mahlzeit Dreierlei 3kg", "brand": "REAVET Trockenfutter", "regular_price": 0.0, "selling_price": 17.9, "price_per_unit": 0.0, "breadcrumbs": "Katze > Katzenfutter > Trockenfutter", "description": "Viel frisches Fleisch Verfeinert mit reichhaltigem Lachsöl Trockenfutter für Katzen aller Rassen"}
{"url": "https://www.fressnapf.de/p/reavet-darmoel-50ml-1714985/", "product_name": "REAVET Darmöl 50ml", "brand": "REAVET Ergänzungsfutter & Aufzucht", "regular_price": 0.0, "selling_price": 17.9, "price_per_unit": 0.0, "breadcrumbs": "Katze > Katzenfutter > Ergänzungsfutter & Aufzucht", "description": "Hochwertige Mischung aus natürlichen Ölen Zur sanften regulierung der Magen-Darmtätigkeit Förderung der Darmfunktion"}
{"url": "https://www.fressnapf.de/p/singulares-eierschalenpulver-extrafein-1225468/", "product_name": "Singulares Eierschalenpulver extrafein", "brand": "Singulares Ergänzungsfutter & Aufzucht", "regular_price": 0.0, "selling_price": 17.95, "price_per_unit": 0.0, "breadcrumbs": "Hund > Hundefutter > Ergänzungsfutter & Aufzucht", "description": "Einzelfuttermittel für Tiere aus 100% reinem extrafeinen Eierschalenmehl - ohne Zusätze Zum Ausgleich eines erhöhter Nährstoffbedarf in Zeiten von Wachstum, Trächtigkeit & Laktation Sehr gut verwertbare tierische Kalziumquelle zur täglichen bedarfsgerechten Fütterung"}
{"url": "https://www.fressnapf.de/p/cdvet-propolisherbal-20-g-1410702/", "product_name": "cdVet PropolisHerbal 20 g", "brand": "cdVet Ergänzungsfutter & Aufzucht", "regular_price": 0.0, "selling_price": 17.95, "price_per_unit": 0.0, "breadcrumbs": "Hund > Hundefutter > Ergänzungsfutter & Aufzucht", "description": "Ergänzungsfuttermittel für Hunde, Katzen, Pferde und andere Heimtiere mit Propolis Zum Ausgleich eines erhöhter Nährstoffbedarfs bei Mangelernährung und zur Unterstützung des Immunsystems Zur Versorgung des Tieres mit wichtigen Vitaminen, Spurenelementen, Aminosäuren und Flavonoiden"}
{"url": "https://www.fressnapf.de/p/alphazoo-ulmenrinde-pulver-fuer-hunde-und-katzen-120-g-1710199/", "product_name": "ALPHAZOO Ulmenrinde-Pulver für Hunde und Katzen 120 g", "brand": "ALPHAZOO Ergänzungsfutter & Aufzucht", "regular_price": 0.0, "selling_price": 17.95, "price_per_unit": 0.0, "breadcrumbs": "Hund > Hundefutter > Ergänzungsfutter & Aufzucht", "description": "100 % amerikanische Rotulmenrinde Schonend getrocknet & gemahlen Abgefüllt in Deutschland"}
{"url": "https://www.fressnapf.de/p/singulares-eierschalenmehl-natur-struktur-1225466/", "product_name": "Singulares Eierschalenmehl Natur Struktur", "brand": "Singulares Ergänzungsfutter & Aufzucht", "regular_price": 0.0, "selling_price": 17.95, "price_per_unit": 0.0, "breadcrumbs": "Hund > Hundefutter > Ergänzungsfutter & Aufzucht", "description": "Einzelfuttermittel für Tiere aus 100% reinem Eierschalenmehl - ohne Zusätze Zum Ausgleich eines erhöhter Nährstoffbedarf in Zeiten von Wachstum, Trächtigkeit & Laktation Natürliche Kalziumquelle zur bedarfsgerechten Versorgung"}
{"url": "https://www.fressnapf.de/p/husse-digest-lamm--reis-2-kg-1746881/", "product_name": "husse Digest Lamm & Reis 2 kg", "brand": "husse Trockenfutter", "regular_price": 0.0, "selling_price": 17.95, "price_per_unit": 0.0, "breadcrumbs": "Katze > Katzenfutter > Trockenfutter", "description": "Hypoallergen hoher Fleischanteil, besonders für sensible Hunde geeignet 100% Lebensmittelqualität"}
{"url": "https://www.fressnapf.de/p/cdvet-vetcarotin-720-g-1727773/", "product_name": "cdVet VetCarotin 720 g", "brand": "cdVet Ergänzungsfutter & Aufzucht", "regular_price": 0.0, "selling_price": 17.95, "price_per_unit": 0.0, "breadcrumbs": "Hund > Hundefutter > Ergänzungsfutter & Aufzucht", "description": "Einzelfuttermittel für Hunde, Katzen und andere Heimtiere zur Unterstützung bei ernährungsbedingten Durchfällen Mit fein gemahlenem Karottengranulat aus schonend getrockneten roten Mohrrüben Enthält Nährstoffe die sich positiv auf die natürliche Darmregulierung auswirken können"}
{"url": "https://www.fressnapf.de/p/smoothiecat-huhn-1708486/", "product_name": "SmoothieCat Huhn", "brand": "SmoothieCat Nassfutter", "regular_price": 0.0, "selling_price": 17.99, "price_per_unit": 0.0, "breadcrumbs": "Katze > Katzenfutter > Nassfutter", "description": "Getreidefrei & glutenfrei Zuckerfrei Ohne künstliche Zusätze"}
{"url": "https://www.fressnapf.de/p/smoothiecat-ente-1707473/", "product_name": "SmoothieCat Ente", "brand": "SmoothieCat Nassfutter", "regular_price": 0.0, "selling_price": 17.99, "price_per_unit": 0.0, "breadcrumbs": "Katze > Katzenfutter > Nassfutter", "description": "Getreidefrei & glutenfrei Zuckerfrei Ohne künstliche Zusätze"}
{"url": "https://www.fressnapf.de/p/smoothiecat-mix-1707476/", "product_name": "SmoothieCat Mix", "brand": "SmoothieCat Nassfutter", "regular_price": 0.0, "selling_price": 17.99, "price_per_unit": 0.0, "breadcrumbs": "Katze > Katzenfutter > Nassfutter", "description": "Getreidefrei & glutenfrei Zuckerfrei Ohne künstliche Zusätze"}
{"url": "https://www.fressnapf.de/p/yarrah-bio-pouch-filets-in-sosse-14x85g-truthahn-1838898/", "product_name": "Yarrah Bio Pouch Filets in Soße 14x85g Truthahn", "brand": "Yarrah Nassfutter", "regular_price": 0.0, "selling_price": 17.99, "price_per_unit": 0.0, "breadcrumbs": "Katze > Katzenfutter > Nassfutter", "description": "Bio - frei von Zusatzstoffen & Pestidziden Feinstes Filet drei Geschmacksrichtungen Im praktischen 85g-Portionsbeutel"}
{"url": "https://www.fressnapf.de/p/smoothiecat-fisch-1707472/", "product_name": "SmoothieCat Fisch", "brand": "SmoothieCat Nassfutter", "regular_price": 0.0, "selling_price": 17.99, "price_per_unit": 0.0, "breadcrumbs": "Katze > Katzenfutter > Nassfutter", "description": "Getreidefrei & glutenfrei Zuckerfrei Ohne künstliche Zusätze"}
{"url": "https://www.fressnapf.de/p/animonda-carny-adult-ocean-12-x-80-g-lachs--sardine-1668929/", "product_name": "animonda Carny Adult Ocean 12 x 80 g Lachs & Sardine", "brand": "animonda Nassfutter", "regular_price": 0.0, "selling_price": 17.18, "price_per_unit": 0.0, "breadcrumbs": "Katze > Katzenfutter > Nassfutter", "description": "zartes Fischfilet in feinen Stücken mit delikaten Beilagen unvergleichlicher Genuss"}
{"url": "https://www.fressnapf.de/p/bettys-landhauskueche-selektion-nr2-8-x-200g-dose-fuer-katze-1690041/", "product_name": "Betty's Landhausküche Selektion Nr.2 8 x 200g Dose für Katze", "brand": "Betty's Landhausküche Nassfutter", "regular_price": 0.0, "selling_price": 18.39, "price_per_unit": 0.0, "breadcrumbs": "Katze > Katzenfutter > Nassfutter", "description": "hohe Bioverfügbarkeit, beste Qualität, keine Zusätze von Zucker, Farb- und Konservierungsstoffen schonend gegart, gesunder Stoffwechsel dank Taurin, Borretschöl, reich an Omega -6-Fettsäuren, kann schönes und gesundes Fell unterstützen für wählerische Katzen besonders geeignet, hergestellt in Deutschland"}
{"url": "https://www.fressnapf.de/p/macs-cat-adult-trockenfutter-mono-frisches-pferd-15-kg-1344709/", "product_name": "MAC's Cat Adult Trockenfutter Mono frisches Pferd 1,5 kg", "brand": "MAC's Trockenfutter", "regular_price": 24.99, "selling_price": 18.49, "price_per_unit": 12.33, "breadcrumbs": "Katze > Katzenfutter > Trockenfutter", "description": "Made in Germany Getreidefrei Glutenfrei"}
{"url": "https://www.fressnapf.de/p/nd-farmina-ancestral-grain-adult-lamm-15-kg-1422332/", "product_name": "N&D Farmina Ancestral Grain Adult Lamm 1,5 kg", "brand": "N&D Farmina Trockenfutter", "regular_price": 0.0, "selling_price": 18.49, "price_per_unit": 0.0, "breadcrumbs": "Katze > Katzenfutter > Trockenfutter", "description": "Niedriger glykämischer Index Nur natürliche Antioxidantien Reich an hochwertigen Lebensmitteln, einschließlich wertvoller Vitamine, die dank der \"Cold Infusion\" -Technologie länger wirksam sind."}
{"url": "https://www.fressnapf.de/p/puja-snacks-vitality-teeth--skin-fuer-katzen-im-doppelpack-300g-1938846/", "product_name": "PUJA Snacks Vitality Teeth + Skin für Katzen im Doppelpack 300g", "brand": "PUJA Snacks", "regular_price": 0.0, "selling_price": 18.5, "price_per_unit": 0.0, "breadcrumbs": "Katze > Katzenfutter > Snacks", "description": "FÜR GESUNDE ZÄHNE, VERDAUUNG & FRISCHEN ATEM, GLÄNZENDES FELL & SCHÖNE HAUT REICH AN HUHN, BRAUNALGE & TAURIN, WICHTIGEM BIOTIN, EPA & DHA 100% NATÜRLICH & NIERENSCHONEND - GETREIDEFREI"}
{"url": "https://www.fressnapf.de/p/puja-snacks-vitality-teeth--body-fuer-katzen-im-doppelpack-300g-1938847/", "product_name": "PUJA Snacks Vitality Teeth + Body für Katzen im Doppelpack 300g", "brand": "PUJA Snacks", "regular_price": 0.0, "selling_price": 18.5, "price_per_unit": 0.0, "breadcrumbs": "Katze > Katzenfutter > Snacks", "description": "FÜR GESUNDE ZÄHNE, VERDAUUNG & IMMUNSYSTEM REICH AN HUHN, BRAUNALGE & TAURIN, VITAMIN A + B + C + ZINK 100% NATÜRLICH & NIERENSCHONEND"}
{"url": "https://www.fressnapf.de/p/venandi-animal-mono-protein-12x125-g-huhn-1689657/", "product_name": "Venandi Animal Mono-Protein 12x125 g Huhn", "brand": "Venandi Nassfutter", "regular_price": 0.0, "selling_price": 18.59, "price_per_unit": 0.0, "breadcrumbs": "Katze > Katzenfutter > Nassfutter", "description": "Regionale Zutaten Ganz ohne Getreide Ohne Zuckerzusatz"}
{"url": "https://www.fressnapf.de/p/premiere-my-pudding-11x6x15-g-joghurt-1651711/", "product_name": "PREMIERE My Pudding 11x6x15 g Joghurt", "brand": "PREMIERE Snacks", "regular_price": 0.0, "selling_price": 18.59, "price_per_unit": 0.0, "breadcrumbs": "Katze > Katzenfutter > Snacks", "description": "Pudding-Konsistzenz Laktosearm Ohne Zusatz von Zucker, Farb- & Aromastoffen."}
{"url": "https://www.fressnapf.de/p/annimally-gelenk-komplex-1721730/", "product_name": "Annimally Gelenk Komplex", "brand": "Annimally Ergänzungsfutter & Aufzucht", "regular_price": 0.0, "selling_price": 18.85, "price_per_unit": 0.0, "breadcrumbs": "Katze > Katzenfutter > Ergänzungsfutter & Aufzucht", "description": "Unterstützt die Gelenke ideal."}
{"url": "https://www.fressnapf.de/p/annimally-barf-oel-1721737/", "product_name": "Annimally Barf Öl", "brand": "Annimally Ergänzungsfutter & Aufzucht", "regular_price": 0.0, "selling_price": 18.85, "price_per_unit": 0.0, "breadcrumbs": "Hund > Hundefutter > Ergänzungsfutter & Aufzucht", "description": "     Optimiere die Ernährung Deines Hundes mit unserem hochwertigen BARF Öl! Unsere spezielle BARF Öl Mischung enthält Lachs-, Raps-, Hanf-, Borretsch- und Nachtkerzenöl, um die Immunkraft und den Stoffwechsel Deines Hundes zu unterstützen. Unser Barf Öl unterstützt ein gesundes Herz, glänzendes Fell und eine gestärkte Immunkraft durch das reichhaltige Angebot an Omega-3-Fettsäuren aus dem Lachsöl. Das enthaltene Rapsöl fördert die Hautgesundheit und stärkt das Immunsystem durch die Versorgung mit Omega-6-Fettsäuren. Das Hanföl in unserer Mischung trägt zur Verbesserung der Gelenkfunktion bei. Borretschöl liefert Gamma-Linolensäure, die die Haut- und Fellgesundheit unterstützt, während Nachtkerzenöl die Hautregeneration fördert und bei Hautproblemen hilfreich sein kann."}
{"url": "https://www.fressnapf.de/p/annimally-vitamin-b-komplex-1721721/", "product_name": "Annimally Vitamin B Komplex", "brand": "Annimally Ergänzungsfutter & Aufzucht", "regular_price": 0.0, "selling_price": 18.85, "price_per_unit": 0.0, "breadcrumbs": "Hund > Hundefutter > Ergänzungsfutter & Aufzucht", "description": "Ausgewählte B-Vitamine, Folsäure, Vitamin K, L-Tryptophan und leckere Bierhefe perfekt aufeinander abgestimmt."}
{"url": "https://www.fressnapf.de/p/reavet-ulmenrinde-pulver-120g-1713382/", "product_name": "REAVET Ulmenrinde Pulver 120g", "brand": "REAVET Ergänzungsfutter & Aufzucht", "regular_price": 0.0, "selling_price": 18.9, "price_per_unit": 0.0, "breadcrumbs": "Hund > Hundefutter > Ergänzungsfutter & Aufzucht", "description": "100% Naturprodukt - original amerikanisch! Wohltat für den Magen Zur Entlastung und Regeneration des Verdauungstraktes"}
{"url": "https://www.fressnapf.de/p/reavet-leinoel-naturrein-kaltgepresst-1l-1713406/", "product_name": "REAVET Leinöl naturrein kaltgepresst 1L", "brand": "REAVET Ergänzungsfutter & Aufzucht", "regular_price": 0.0, "selling_price": 18.9, "price_per_unit": 0.0, "breadcrumbs": "Hund > Hundefutter > Ergänzungsfutter & Aufzucht", "description": "100% Naturprodukt - kaltgepresst & nährstoffreich Unterstützt den Stoffwechsel, Haut & Fell Essentielle Omega 3 & 6 Fettsäuren"}
{"url": "https://www.fressnapf.de/p/reavet-omega-3-lachspulver-300g-1714965/", "product_name": "REAVET Omega-3 Lachspulver 300g", "brand": "REAVET Ergänzungsfutter & Aufzucht", "regular_price": 0.0, "selling_price": 18.9, "price_per_unit": 0.0, "breadcrumbs": "Hund > Hundefutter > Ergänzungsfutter & Aufzucht", "description": "Besonders reich an wertvollen Omega-3-Fettsäuren Förderung der normalen Gelenkfunktion Fördert ein glänzendes Fell, sowie vitale Haut"}
{"url": "https://www.fressnapf.de/p/reavet-bio-spirulina-pulver-250g-1714960/", "product_name": "REAVET Bio Spirulina Pulver 250g", "brand": "REAVET Ergänzungsfutter & Aufzucht", "regular_price": 0.0, "selling_price": 18.9, "price_per_unit": 0.0, "breadcrumbs": "Hund > Hundefutter > Ergänzungsfutter & Aufzucht", "description": "Für Immunsystem & Stoffwechsel Zur Haut- und Fellregeneration Hilft bei Mangelerscheinungen"}
{"url": "https://www.fressnapf.de/p/reavet-propolis-pulver-20g-1714917/", "product_name": "REAVET Propolis Pulver 20g", "brand": "REAVET Ergänzungsfutter & Aufzucht", "regular_price": 0.0, "selling_price": 18.9, "price_per_unit": 0.0, "breadcrumbs": "Hund > Hundefutter > Ergänzungsfutter & Aufzucht", "description": "100% natürlich gemahlene Propolis In Lebensmittelqualität Unterstützt das Immunsystem"}
{"url": "https://www.fressnapf.de/p/reavet-fell--haut-harmonie-pulver-250g-1714971/", "product_name": "REAVET Fell & Haut Harmonie Pulver 250g", "brand": "REAVET Ergänzungsfutter & Aufzucht", "regular_price": 0.0, "selling_price": 18.9, "price_per_unit": 0.0, "breadcrumbs": "Hund > Hundefutter > Ergänzungsfutter & Aufzucht", "description": "Gesundes & glänzendes Fell Stoffwechsel & Immunsystem Wichtige Nährstoffe & Vitamine"}
{"url": "https://www.fressnapf.de/p/reavet-hustensaft-tropfen-110ml-1714995/", "product_name": "REAVET Hustensaft Tropfen 110ml", "brand": "REAVET Ergänzungsfutter & Aufzucht", "regular_price": 0.0, "selling_price": 18.9, "price_per_unit": 0.0, "breadcrumbs": "Hund > Hundefutter > Ergänzungsfutter & Aufzucht", "description": "Mit wertvollen Hustenkräutern Wohltuend und beruhigend für freies Durchatmen Lindert den Hustenreiz mit Thymian, Eibisch, Fenchel & co."}
{"url": "https://www.fressnapf.de/p/fit-barf-gemuese-tcvm-360-g-1225459/", "product_name": "Fit-BARF Gemüse (TCVM) 360 g", "brand": "Fit-BARF Ergänzungsfutter & Aufzucht", "regular_price": 0.0, "selling_price": 18.95, "price_per_unit": 0.0, "breadcrumbs": "Hund > Hundefutter > Ergänzungsfutter & Aufzucht", "description": "Ergänzungsfuttermittel zur optimalen Versorgung mit natürlichen Vitaminen und Mineralien Mit Topinamburknollen, deren Inulingehalt einen natürlichen Beitrag zur Darmgesundheit leisten Rezeptur nach der Leere der traditionellen chinesischen Medizin"}
{"url": "https://www.fressnapf.de/p/fellicita-katzensnacks-5x50g-mixpaket-fellonis-fleischstreifen--sticks-5-sorten-1844924/", "product_name": "Fellicita Katzensnacks 5x50g Mixpaket Fellonis Fleischstreifen & Sticks, 5 Sorten", "brand": "Fellicita Snacks", "regular_price": 0.0, "selling_price": 18.95, "price_per_unit": 0.0, "breadcrumbs": "Katze > Katzenfutter > Snacks", "description": "Mono- und Multiprotein-Mixpaket Fleischstreifen: 100 % Fleisch/Fisch getreidefrei, hergestellt in der Schweiz"}
{"url": "https://www.fressnapf.de/p/aniforte-barf-line-gemahlene-knochen-vom-pferd-500-g-1696707/", "product_name": "AniForte BARF-Line Gemahlene Knochen vom Pferd 500 g", "brand": "AniForte Ergänzungsfutter & Aufzucht", "regular_price": 0.0, "selling_price": 18.99, "price_per_unit": 0.0, "breadcrumbs": "Hund > Hundefutter > Ergänzungsfutter & Aufzucht", "description": "Zur Aufrechterhaltung der Gelenke Mit viel Calcium gut für die Knochen Versorgt mit essentiellen Mineralstoffen"}
{"url": "https://www.fressnapf.de/p/aniforte-barf-complete-cat-100g-1781170/", "product_name": "AniForte BARF Complete Cat 100g", "brand": "AniForte Ergänzungsfutter & Aufzucht", "regular_price": 0.0, "selling_price": 18.99, "price_per_unit": 0.0, "breadcrumbs": "Katze > Katzenfutter > Ergänzungsfutter & Aufzucht", "description": "Natürliche Rundumversorgung - Artgerecht & ausgewogen Reich an Mineralstoffen & Vitaminen Essentielles Taurin & wichtige Nährstoffe"}
{"url": "https://www.fressnapf.de/p/wow-cat-suppe-12x70-g-huhn-pur-1830448/", "product_name": "WOW Cat Suppe 12x70 g Huhn pur", "brand": "WOW Nassfutter", "regular_price": 0.0, "selling_price": 18.99, "price_per_unit": 0.0, "breadcrumbs": "Katze > Katzenfutter > Nassfutter", "description": "Ideal als Snack oder Topping Hohe Akzeptanz & Verträglichkeit Hergestellt ohne Getreide & Zucker"}
{"url": "https://www.fressnapf.de/p/i-love-my-cat-vermal-pulver---80g-1767072/", "product_name": "I love my cat Vermal Pulver - 80g", "brand": "I love my cat Ergänzungsfutter & Aufzucht", "regular_price": 0.0, "selling_price": 18.99, "price_per_unit": 0.0, "breadcrumbs": "Katze > Katzenfutter > Ergänzungsfutter & Aufzucht", "description": "Schafft ein giardienfeindliches Milieu im Darm Keine unnötige Belastung des Organismus Keine Bildung von Resistenzen"}
{"url": "https://www.fressnapf.de/p/select-gold-medica-nierendiaet-16x100g-huhn-1425522/", "product_name": "SELECT GOLD Medica Nierendiät 16x100g Huhn", "brand": "SELECT GOLD", "regular_price": 0.0, "selling_price": 19.04, "price_per_unit": 0.0, "breadcrumbs": "PLP > VET Diäten > Katze > Nierendiät", "description": "Tierärztliche Diät: entwickelt auf Basis tiermedizinischer Theorie und Praxis LOW PHOSPHORUS Niedriger Phosphorgehalt zur Entlastung der Nieren REDUCED PROTEIN Angepasster Proteingehalt zur Entlastung der Nieren"}
{"url": "https://www.fressnapf.de/p/select-gold-medica-kit-hypoallergen-huhn-16x100g-1654748/", "product_name": "SELECT GOLD Medica KIT Hypoallergen Huhn 16x100g", "brand": "SELECT GOLD", "regular_price": 0.0, "selling_price": 19.04, "price_per_unit": 0.0, "breadcrumbs": "PLP > VET Diäten > Katze > Hypoallergen", "description": "HIGH DIGESTIBILTY Huhn als einzige tierische Proteinquelle Tierärztliche Diät: entwickelt auf Basis tiermedizinischer Theorie und Praxis Minderung der Ausgangserzeugnis- und Nährstoffintoleranzerscheinungen"}
{"url": "https://www.fressnapf.de/p/select-gold-medica-harnsteindiaet-16x100g-huhn-1425508/", "product_name": "SELECT GOLD Medica Harnsteindiät 16x100g Huhn", "brand": "SELECT GOLD", "regular_price": 0.0, "selling_price": 19.04, "price_per_unit": 0.0, "breadcrumbs": "PLP > VET Diäten > Katze > Urinary", "description": "Tierärztliche Diät: entwickelt auf Basis tiermedizinischer Theorie und Praxis STRUVITE DISSOLUTION Die Auflösung vorhandener Struvitsteine wird unterstützt URINE DILUTION Kann das Wiederauftreten von Struvitsteinen verringern"}
{"url": "https://www.fressnapf.de/p/select-gold-medica-rekonvaleszenz-huhn-16x100g-1425528/", "product_name": "SELECT GOLD Medica Rekonvaleszenz Huhn 16x100g", "brand": "SELECT GOLD", "regular_price": 0.0, "selling_price": 19.04, "price_per_unit": 0.0, "breadcrumbs": "PLP > VET Diäten > Katze > Aufbau & Rekonvaleszenz", "description": "Hoher Energiegehalt Tierärztliche Diät: entwickelt auf Basis tiermedizinischer Theorie und Praxis Speziell für geschwächte oder unterernährte Katzen entwickelt"}
{"url": "https://www.fressnapf.de/p/select-gold-medica-schonkost-16x100g-pute-1425509/", "product_name": "SELECT GOLD Medica Schonkost 16x100g Pute", "brand": "SELECT GOLD", "regular_price": 0.0, "selling_price": 19.04, "price_per_unit": 0.0, "breadcrumbs": "PLP > VET Diäten > Katze > Schonkost", "description": "EASILY DIGESTIBLE Leichtverdauliche Ausgangserzeugnisse Tierärztliche Diät: entwickelt auf Basis tiermedizinischer Theorie und Praxis Speziell für Katzen mit gastro-intestinalen Problemen entwickelt"}
{"url": "https://www.fressnapf.de/p/select-gold-medica-hypoallergen-huhn-16x100-g-1425526/", "product_name": "SELECT GOLD Medica Hypoallergen Huhn 16x100 g", "brand": "SELECT GOLD", "regular_price": 0.0, "selling_price": 19.04, "price_per_unit": 0.0, "breadcrumbs": "PLP > VET Diäten > Katze > Hypoallergen", "description": "Tierärztliche Diät: entwickelt auf Basis tiermedizinischer Theorie und Praxis Der hohe Gehalt an essentiellen Fettsäuren kann zu einer Normalisierung der Hautgesundheit beitragen Für Katzen mit Futtermittelintoleranzen oder Futtermittelallergien"}
{"url": "https://www.fressnapf.de/p/select-gold-medica-diabetes-16x100g-1425524/", "product_name": "SELECT GOLD Medica Diabetes 16x100g", "brand": "SELECT GOLD", "regular_price": 0.0, "selling_price": 19.04, "price_per_unit": 0.0, "breadcrumbs": "PLP > VET Diäten > Katze > Diabetes", "description": "REGULATED BLOOD GLUCOSE Der niedrige Anteil an komplexen Kohlenhydraten sorgt für eine langsame Glucosefreisetzung Tierärztliche Diät: entwickelt auf Basis tiermedizinischer Theorie und Praxis Zur unterstützenden Behandlung von Diabetes Mellitus"}
{"url": "https://www.fressnapf.de/p/i-love-my-cat-insekten-pate-mit-kuerbis-topping-1847827/", "product_name": "I love my cat Insekten Pate mit Kürbis-topping", "brand": "I love my cat Nassfutter", "regular_price": 0.0, "selling_price": 19.1, "price_per_unit": 0.0, "breadcrumbs": "Katze > Katzenfutter > Nassfutter", "description": "Unser Katzenfutter besteht aus hochwertigem Insektenprotein von der Schwarzen Soldatenfliege, kombiniert mit dem feinen Geschmack von Kürbis, und bietet so ein Gourmet-Esserlebnis für Ihre anspruchsvolle Samtpfote. Speziell für das Wohlbefinden entwickelt, unterstützt unsere Paté die Verdauung mit ballaststoffreichem Kürbis und fördert ein starkes Immunsystem und die Gehirnfunktion durch wichtige Nährstoffe wie Omega-3-Fettsäuren, damit Ihre Katze sowohl körperlich als auch geistig gedeiht. Mit seiner köstlichen Textur und dem verlockenden Kürbis-Topping bietet unsere Paté ein genussvolles Mahlzeitenerlebnis, das selbst die wählerischsten Katzen lieben, und ist somit die ideale Wahl für Katzenbesitzer, die sowohl Geschmack als auch Ernährung in den Vordergrund stellen."}
{"url": "https://www.fressnapf.de/p/marsavet-vermal-tropfen---50ml-1767263/", "product_name": "Marsavet Vermal Tropfen - 50ml", "brand": "Marsavet Ergänzungsfutter & Aufzucht", "regular_price": 0.0, "selling_price": 19.19, "price_per_unit": 0.0, "breadcrumbs": "Hund > Hundefutter > Ergänzungsfutter & Aufzucht", "description": "Natürliche Rezeptur Hohe Akzeptanz Unkomplizierte Anwendung"}
{"url": "https://www.fressnapf.de/p/miamor-cat-confect-cream-66x15g-1498701/", "product_name": "Miamor Cat Confect Cream 66x15g", "brand": "Miamor Snacks", "regular_price": 0.0, "selling_price": 19.19, "price_per_unit": 0.0, "breadcrumbs": "Katze > Katzenfutter > Snacks", "description": "ideal als Leckerli zwischendurch ohne Zucker ganz ohne Farb- und Konservierungsstoffe"}
{"url": "https://www.fressnapf.de/p/sheba-kitten-in-sauce-28x85-g-lachs-1794359/", "product_name": "Sheba Kitten in Sauce 28x85 g Lachs", "brand": "Sheba Nassfutter", "regular_price": 0.0, "selling_price": 19.29, "price_per_unit": 0.0, "breadcrumbs": "Katze > Katzenfutter > Nassfutter", "description": "Katzennassfutter für Kätzchen in feiner Sauce, hergestellt mit natürlichen und hochwertigen Zutaten, Vitaminen und Mineralstoffen Das hochwertige SHEBA Katzennassfutter für Kätzchen bietet deiner jungen Samtpfote täglich eine komplette und ausgewogene Ernährung Getreidefreie Rezepturen, ohne Zusatz von künstlichen Farb- oder Konservierungsstoffen"}
{"url": "https://www.fressnapf.de/p/sheba-natures-collection-in-sauce-mit-lachs-msc-28x85-g-1794358/", "product_name": "Sheba Nature's Collection in Sauce mit Lachs MSC 28x85 g", "brand": "Sheba Nassfutter", "regular_price": 0.0, "selling_price": 19.29, "price_per_unit": 0.0, "breadcrumbs": "Katze > Katzenfutter > Nassfutter", "description": "Katzennassfutter in herzhafter Sauce, hergestellt mit natürlichen und hochwertigen Zutaten, Vitaminen und Mineralstoffen Das hochwertige SHEBA® Katzennassfutter für ausgewachsene Katzen bietet deiner Samtpfote täglich eine komplette und ausgewogene Ernährung Getreidefreie Rezeptur"}
{"url": "https://www.fressnapf.de/p/sheba-sauce-collection-sauce-lover-28x85-g-truthahn-1658590/", "product_name": "Sheba Sauce Collection Sauce Lover 28x85 g Truthahn", "brand": "Sheba Nassfutter", "regular_price": 0.0, "selling_price": 19.29, "price_per_unit": 0.0, "breadcrumbs": "Katze > Katzenfutter > Nassfutter", "description": "Katzennassfutter in herzhafter Sauce, hergestellt mit natürlichen und hochwertigen Zutaten, die von unseren zuverlässigen Lieferanten bezogen werden Das hochwertige SHEBA® Katzennassfutter für ausgewachsene Katzen bietet deiner Samtpfote täglich eine komplette und ausgewogene Ernährung Rind mit extra Sauce"}
{"url": "https://www.fressnapf.de/p/josicat-crispy-duck-7x650-g-1720124/", "product_name": "JosiCat Crispy Duck 7x650 g", "brand": "JosiCat Trockenfutter", "regular_price": 0.0, "selling_price": 19.49, "price_per_unit": 0.0, "breadcrumbs": "Katze > Katzenfutter > Trockenfutter", "description": "Alleinfuttermittel für ausgewachsene Wohnungs- oder Freigängerkatzen Mit 72 % tierischem Proteinanteil am Gesamtprotein, unter anderem mit köstlicher Ente Bringt alles mit, was Ihre Katze tagtäglich braucht"}
{"url": "https://www.fressnapf.de/p/josicat-crunchy-chicken-7x650-g-1720127/", "product_name": "JosiCat Crunchy Chicken 7x650 g", "brand": "JosiCat Trockenfutter", "regular_price": 0.0, "selling_price": 19.49, "price_per_unit": 0.0, "breadcrumbs": "Katze > Katzenfutter > Trockenfutter", "description": "Alleinfuttermittel für ausgewachsene Wohnungs- und Freigängerkatzen 78% tierisches Protein am Gesamtprotein, unter anderem mit zartem Hühnchen Bringt alles mit, was Ihre Katze tagtäglich braucht"}
{"url": "https://www.fressnapf.de/p/josicat-tasty-beef-7x650-g-1720123/", "product_name": "JosiCat Tasty Beef 7x650 g", "brand": "JosiCat Trockenfutter", "regular_price": 0.0, "selling_price": 19.49, "price_per_unit": 0.0, "breadcrumbs": "Katze > Katzenfutter > Trockenfutter", "description": "Alleinfuttermittel für ausgewachsene Wohnungs- und Freigängerkatzen 78% tierischer Proteingehalt am Gesamtprotein, mit schmackhaftem Rind Ausgewogene, verträgliche Rezeptur"}
{"url": "https://www.fressnapf.de/p/i-love-my-cat-futterset-fuer-katzen-zur-staerkung-der-abwehrkraefte-1767129/", "product_name": "I love my cat Futterset für Katzen zur Stärkung der Abwehrkräfte", "brand": "I love my cat Trockenfutter", "regular_price": 0.0, "selling_price": 19.49, "price_per_unit": 0.0, "breadcrumbs": "Katze > Katzenfutter > Trockenfutter", "description": "Getreidefreies Trockenfutter Unterstützung des Immunsystems Bequemlichkeit und Einsparungen"}
{"url": "https://www.fressnapf.de/p/josicat-kitten-fuer-kaetzchen-7x650-g-1652701/", "product_name": "JosiCat Kitten für Kätzchen 7x650 g", "brand": "JosiCat Trockenfutter", "regular_price": 0.0, "selling_price": 19.49, "price_per_unit": 0.0, "breadcrumbs": "Katze > Katzenfutter > Trockenfutter", "description": "Für heranwachsende Katzen bis zum 1. Lebensjahr sowie Katzen-Mütter in der Trage- und Säugezeit Mit viel Energie und Protein sowie wertvollem Lachsöl für die besonderen Ansprüche in den wichtigsten Lebensphasen Leicht verdaulich, mit diätetischen Fasern zur Vorbeugung der Haarballenbildung"}
{"url": "https://www.fressnapf.de/p/josicat-sterilised-classic-fuer-sterilisierte-katzen-7x650-g-1720125/", "product_name": "JosiCat Sterilised Classic für sterilisierte Katzen 7x650 g", "brand": "JosiCat Trockenfutter", "regular_price": 0.0, "selling_price": 19.49, "price_per_unit": 0.0, "breadcrumbs": "Katze > Katzenfutter > Trockenfutter", "description": "Alleinfuttermittel für ausgewachsene, kastrierte Katzen 86% tierisches Protein am Gesamtprotein, geringer Fett- und hoher Proteinanteil regen den Stoffwechsel an und unterstützen ein gesundes Gewicht Spezielle diätetische Fasern fördern das Sättigungsgefühl"}
{"url": "https://www.fressnapf.de/p/bettys-landhauskueche-senior-huehnchen-mit-kuerbis--lachsoel-6x-400g-fuer-katze-1730556/", "product_name": "Betty's Landhausküche SENIOR Hühnchen mit Kürbis & Lachsöl 6x 400g für Katze", "brand": "Betty's Landhausküche Nassfutter", "regular_price": 0.0, "selling_price": 19.74, "price_per_unit": 0.0, "breadcrumbs": "Katze > Katzenfutter > Nassfutter", "description": "Ohne Zusatz von Farb-, Geschmacks- und Konservierungsstoffen, getreidefrei hohe Bioverfügbarkeit, beste Rohstoffqualität, für alle Katzenrassen geeignet, extra schonend gegart gesunder Stoffwechsel dank Taurin & L-Carnitin, hergestellt in Deutschland"}
{"url": "https://www.fressnapf.de/p/bettys-landhauskueche-senior-katze-rind-mit-truthahn-moehrchen--lachsoel-6x-400g-1730557/", "product_name": "Betty's Landhausküche SENIOR Katze Rind mit Truthahn, Möhrchen & Lachsöl 6x 400g", "brand": "Betty's Landhausküche Nassfutter", "regular_price": 0.0, "selling_price": 19.74, "price_per_unit": 0.0, "breadcrumbs": "Katze > Katzenfutter > Nassfutter", "description": "Ohne Zusatz von Farb-, Geschmacks- und Konservierungsstoffen, getreidefrei hohe Bioverfügbarkeit, beste Rohstoffqualität, für alle Katzenrassen geeignet, extra schonend gegart gesunder Stoffwechsel dank Taurin & L-Carnitin, hergestellt in Deutschland"}
{"url": "https://www.fressnapf.de/p/select-gold-medica-schonkost-20x85g-huhn-1654747/", "product_name": "SELECT GOLD Medica Schonkost 20x85g Huhn", "brand": "SELECT GOLD", "regular_price": 0.0, "selling_price": 19.8, "price_per_unit": 0.0, "breadcrumbs": "PLP > VET Diäten > Katze > Schonkost", "description": "EASILY DIGESTIBLE Leichtverdauliche Ausgangserzeugnisse Tierärztliche Diät: entwickelt auf Basis tiermedizinischer Theorie und Praxis Speziell für Katzen mit gastro-intestinalen Problemen entwickelt"}
{"url": "https://www.fressnapf.de/p/reavet-denta-vital-pulver-80g-1713421/", "product_name": "REAVET Denta Vital Pulver 80g", "brand": "REAVET Ergänzungsfutter & Aufzucht", "regular_price": 0.0, "selling_price": 19.9, "price_per_unit": 0.0, "breadcrumbs": "Hund > Hundefutter > Ergänzungsfutter & Aufzucht", "description": "reinigung und Pflege von Zähnen & Zahnfleisch Unterstützend bei Maulgeruch & Mundhygiene Plaque- und Zahnsteinbildung werden verringert"}
{"url": "https://www.fressnapf.de/p/reavet-hanfoel-naturrein-500ml-1713404/", "product_name": "REAVET Hanföl naturrein 500ml", "brand": "REAVET Ergänzungsfutter & Aufzucht", "regular_price": 0.0, "selling_price": 19.9, "price_per_unit": 0.0, "breadcrumbs": "Hund > Hundefutter > Ergänzungsfutter & Aufzucht", "description": "Unterstützung für ein vitales & glänzendes Fell Erhaltung des Immunsystems Unterstützung der normalen Gelenkfunktion"}
{"url": "https://www.fressnapf.de/p/reavet-4in1-complete-cat-60g-1714927/", "product_name": "REAVET 4in1 Complete Cat 60g", "brand": "REAVET Ergänzungsfutter & Aufzucht", "regular_price": 0.0, "selling_price": 19.9, "price_per_unit": 0.0, "breadcrumbs": "Katze > Katzenfutter > Ergänzungsfutter & Aufzucht", "description": "4 in 1: Omega-3 Lachspulver, Acai, Topinambur, Taurin Unterstützt Bewegung & Gelenke Für Magen- & Darmtätigkeit"}
{"url": "https://www.fressnapf.de/p/reavet-immun-vital-50g-1715005/", "product_name": "REAVET Immun Vital 50g", "brand": "REAVET Ergänzungsfutter & Aufzucht", "regular_price": 0.0, "selling_price": 19.9, "price_per_unit": 0.0, "breadcrumbs": "Katze > Katzenfutter > Ergänzungsfutter & Aufzucht", "description": "Fördert die natürlichen Abwehrkräfte Vitamin- und Nährstoffreich Für Wohlbefinden & Vitalität"}
{"url": "https://www.fressnapf.de/p/reavet-gelenk-liquid-110ml-1714994/", "product_name": "REAVET Gelenk Liquid 110ml", "brand": "REAVET Ergänzungsfutter & Aufzucht", "regular_price": 0.0, "selling_price": 19.9, "price_per_unit": 0.0, "breadcrumbs": "Hund > Hundefutter > Ergänzungsfutter & Aufzucht", "description": "Zur Unterstützung des Bewegungsapparates Mit MSM, Glucosamin und Chondroitin Für fitte und agile Hunde & Katzen jeden Alters"}
{"url": "https://www.fressnapf.de/p/reavet-senior-complete-50g-1715006/", "product_name": "REAVET Senior Complete 50g", "brand": "REAVET Ergänzungsfutter & Aufzucht", "regular_price": 0.0, "selling_price": 19.9, "price_per_unit": 0.0, "breadcrumbs": "Katze > Katzenfutter > Ergänzungsfutter & Aufzucht", "description": "Vitalität & Agilität im Alter Für Gesundheit & Immunsystem Gedächtnis- & Herzfunktion"}
{"url": "https://www.fressnapf.de/p/reavet-ulmenrinde-plus-120g-1714968/", "product_name": "REAVET Ulmenrinde Plus 120g", "brand": "REAVET Ergänzungsfutter & Aufzucht", "regular_price": 0.0, "selling_price": 19.9, "price_per_unit": 0.0, "breadcrumbs": "Hund > Hundefutter > Ergänzungsfutter & Aufzucht", "description": "Beruhigung bei Verdauungsstörungen Schnell & effektiv - ohne aufkochen Innovation für Magen & Darm"}
{"url": "https://www.fressnapf.de/p/reavet-gelenk-complex-50g-1714973/", "product_name": "REAVET Gelenk Complex 50g", "brand": "REAVET Ergänzungsfutter & Aufzucht", "regular_price": 0.0, "selling_price": 19.9, "price_per_unit": 0.0, "breadcrumbs": "Katze > Katzenfutter > Ergänzungsfutter & Aufzucht", "description": "Förderung der normalen Gelenkfunktion Keine unerwünschten Begleiterscheinungen bei Dauergabe Kollagenpulver vom Seefisch aus kontrolliertem Wildfang und Hagebutten"}
{"url": "https://www.fressnapf.de/p/reavet-nieren-tonicum-50ml-1714938/", "product_name": "REAVET Nieren Tonicum 50ml", "brand": "REAVET Ergänzungsfutter & Aufzucht", "regular_price": 0.0, "selling_price": 19.9, "price_per_unit": 0.0, "breadcrumbs": "Katze > Katzenfutter > Ergänzungsfutter & Aufzucht", "description": "Kräutersaft aus hochwertigen rohstoffen Ohne künstliche Aromastoffe und ohne Zuckerzusatz Zur Unterstützung der natürlichen Nierenfunktion und ableitenden Harnwege"}
{"url": "https://www.fressnapf.de/p/wolfsbacher-natur-bio-nachtkerzenoel-1678077/", "product_name": "Wolfsbacher Natur Bio Nachtkerzenöl", "brand": "Wolfsbacher Natur Ergänzungsfutter & Aufzucht", "regular_price": 0.0, "selling_price": 19.9, "price_per_unit": 0.0, "breadcrumbs": "Hund > Hundefutter > Ergänzungsfutter & Aufzucht", "description": "100% BIO QUALITÄT AUS DEUTSCHLAND REICH AN OMEGA 3 & 6 FETTSÄUREN SCHONEND KALTGEPRESST"}
{"url": "https://www.fressnapf.de/p/reavet-barf-complete-100g-1715004/", "product_name": "REAVET Barf Complete 100g", "brand": "REAVET Ergänzungsfutter & Aufzucht", "regular_price": 0.0, "selling_price": 19.9, "price_per_unit": 0.0, "breadcrumbs": "Katze > Katzenfutter > Ergänzungsfutter & Aufzucht", "description": "Natürliche rundumversorgung Artgerecht & ausgewogen reich an Mineralstoffen & Vitaminen"}
{"url": "https://www.fressnapf.de/p/tierplus--vitamin-b-fuer-hunde--katzen-1841963/", "product_name": "TierPlus ® Vitamin B für Hunde & Katzen", "brand": "TierPlus Ergänzungsfutter & Aufzucht", "regular_price": 0.0, "selling_price": 19.95, "price_per_unit": 0.0, "breadcrumbs": "Hund > Hundefutter > Ergänzungsfutter & Aufzucht", "description": "Vitamin B Komplex für Hunde & Katzen Vitamine B1, B2, B3, B5, B6, B9, B12, K3 Hohe Fressakzeptanz und leichte Dosierung"}
{"url": "https://www.fressnapf.de/p/alphazoo-premium-nachtkerzenoel-fuer-hunde-und-katzen-250-ml-1701991/", "product_name": "ALPHAZOO Premium Nachtkerzenöl für Hunde und Katzen 250 ml", "brand": "ALPHAZOO Ergänzungsfutter & Aufzucht", "regular_price": 0.0, "selling_price": 19.95, "price_per_unit": 0.0, "breadcrumbs": "Hund > Hundefutter > Ergänzungsfutter & Aufzucht", "description": "Natürlich & Nachhaltig Besonders rein & kaltgepresst Abgefüllt in Deutschland"}
{"url": "https://www.fressnapf.de/p/tierplus--darm-aktiv-tabs-praebiotika-1841995/", "product_name": "TierPlus ® Darm Aktiv Tabs Präbiotika", "brand": "TierPlus Ergänzungsfutter & Aufzucht", "regular_price": 0.0, "selling_price": 19.95, "price_per_unit": 0.0, "breadcrumbs": "Hund > Hundefutter > Ergänzungsfutter & Aufzucht", "description": "120 Tabletten für Hunde & Katzen Präbiotika für eine gesunde Darmflora Nach Durchfall, Wurmkur, Antibiotika & Magen-Darm Infekten"}
{"url": "https://www.fressnapf.de/p/singulares-fluessigmoor-1712875/", "product_name": "Singulares FlüssigMoor", "brand": "Singulares Ergänzungsfutter & Aufzucht", "regular_price": 0.0, "selling_price": 19.95, "price_per_unit": 0.0, "breadcrumbs": "Hund > Hundefutter > Ergänzungsfutter & Aufzucht", "description": "Einzelfuttermittel für Tiere aus 100% reinem Moor in flüssiger Form Hervorragendes Ergänzungfuttermittel - natürlich reich an Huminsäuren, Mineralstoffen und Spurenelementen Ideales natürliches Futterergänzungsmittel zur ernährungsbedingten Unterstützung der Magen- und Darmtätigkeit"}
{"url": "https://www.fressnapf.de/p/husse-kattunge-fuer-kaetzchen-2-kg-1746879/", "product_name": "husse Kattunge für Kätzchen 2 kg", "brand": "husse Trockenfutter", "regular_price": 0.0, "selling_price": 19.95, "price_per_unit": 0.0, "breadcrumbs": "Katze > Katzenfutter > Trockenfutter", "description": "Glutenfrei hoher Fleischanteil 100% Lebensmittelqualität"}
{"url": "https://www.fressnapf.de/p/the-better-cat-better-fur-oel-zur-fellpflege-fuer-katzen-1870586/", "product_name": "The Better Cat Better Fur Öl zur Fellpflege für Katzen", "brand": "The Better Cat Ergänzungsfutter & Aufzucht", "regular_price": 0.0, "selling_price": 19.99, "price_per_unit": 0.0, "breadcrumbs": "Katze > Katzenfutter > Ergänzungsfutter & Aufzucht", "description": "Enthält Arganöl, Linolensäure, Ölsäure und Palmitinsäure Fördert den Glanz des Fells Unterstützt den Fellwechsel"}
{"url": "https://www.fressnapf.de/p/florie-sensitiv-6x400g---ente-mit-kuerbis-1687734/", "product_name": "florie Sensitiv 6x400g - Ente mit Kürbis", "brand": "florie Nassfutter", "regular_price": 0.0, "selling_price": 19.99, "price_per_unit": 0.0, "breadcrumbs": "Katze > Katzenfutter > Nassfutter", "description": "Deutsche Premium-Qualität: hergestellt und verpackt in Deutschland Monoprotein – ausschließlich hochwertiges Entenfleisch als tierische Proteinquelle mit getreidefreier Rezeptur - für Katzen mit empfindlichem Magen-Darm-Trakt"}
{"url": "https://www.fressnapf.de/p/florie-adult-6x400g---pute-pur-1687733/", "product_name": "florie Adult 6x400g - Pute Pur", "brand": "florie Nassfutter", "regular_price": 0.0, "selling_price": 19.99, "price_per_unit": 0.0, "breadcrumbs": "Katze > Katzenfutter > Nassfutter", "description": "Deutsche Premium-Qualität: hergestellt und verpackt in Deutschland Monoprotein – mit Pute als einziger Proteinquelle weizen- und getreidefreie Rezeptur für hohe Verträglichkeit und breite Akzeptanz"}
{"url": "https://www.fressnapf.de/p/florie-adult-6x400g---gefluegeltopf-1687732/", "product_name": "florie Adult 6x400g - Geflügeltopf", "brand": "florie Nassfutter", "regular_price": 0.0, "selling_price": 19.99, "price_per_unit": 0.0, "breadcrumbs": "Katze > Katzenfutter > Nassfutter", "description": "Deutsche Premium-Qualität: hergestellt und verpackt in Deutschland mit extra viel frischem Fleisch von Huhn und Pute bedarfsgerechtes Alleinfutter für ausgewachsene Katzen"}
{"url": "https://www.fressnapf.de/p/dogsn-tiger-naschkatze-12x70-g-1738358/", "product_name": "Dogs'n Tiger Naschkatze 12x70 g", "brand": "Dogs'n Tiger Nassfutter", "regular_price": 0.0, "selling_price": 19.99, "price_per_unit": 0.0, "breadcrumbs": "Katze > Katzenfutter > Nassfutter", "description": "Thunfischfilet ist reich an Omega-3-Fettsäuren, vielen Vitaminen und hochwertigem Protein Leckere Brühe macht die Mahlzeit besonders saftig und sorgt für einen ausgeglichenen Wasserhaushalt handgefertigt in Deutschland"}
{"url": "https://www.fressnapf.de/p/dogsn-tiger-katzenassfutter-genuss-12x70-g-1738356/", "product_name": "Dogs'n Tiger Katzenassfutter Genuss 12x70 g", "brand": "Dogs'n Tiger Nassfutter", "regular_price": 0.0, "selling_price": 19.99, "price_per_unit": 0.0, "breadcrumbs": "Katze > Katzenfutter > Nassfutter", "description": "Thunfischfilet ist reich an Omega-3-Fettsäuren, vielen Vitaminen und hochwertigem Protein Leckere Brühe macht die Mahlzeit besonders saftig und sorgt für einen ausgeglichenen Wasserhaushalt handgefertigt in Deutschland"}
{"url": "https://www.fressnapf.de/p/josera-pat-gulasch-vom-rind--huhn-16-x-85g-1397099/", "product_name": "Josera Paté Gulasch vom Rind & Huhn (16 x 85g)", "brand": "Josera Nassfutter", "regular_price": 0.0, "selling_price": 19.99, "price_per_unit": 0.0, "breadcrumbs": "Katze > Katzenfutter > Nassfutter", "description": "Für gesunde sowie sensible ausgewachsene Katzen geeignet Spezielle diätetische Pflanzenfasern können der Bildung von Haarballen entgegenwirken Lachsöl liefert auf natürlichem Wege essenzielle Omega-3-Fettsäuren"}
{"url": "https://www.fressnapf.de/p/josera-pat-huhn-mit-spinat-16-x-85g-1397100/", "product_name": "Josera Paté Huhn mit Spinat (16 x 85g)", "brand": "Josera Nassfutter", "regular_price": 0.0, "selling_price": 19.99, "price_per_unit": 0.0, "breadcrumbs": "Katze > Katzenfutter > Nassfutter", "description": "Für gesunde sowie sensible ausgewachsene Katzen geeignet Spezielle diätetische Pflanzenfasern können der Bildung von Haarballen entgegenwirken Lachsöl liefert auf natürlichem Wege essenzielle Omega-3-Fettsäuren"}
{"url": "https://www.fressnapf.de/p/josera-pat-pute-mit-zucchini-16-x-85g-1397103/", "product_name": "Josera Paté Pute mit Zucchini (16 x 85g)", "brand": "Josera Nassfutter", "regular_price": 0.0, "selling_price": 19.99, "price_per_unit": 0.0, "breadcrumbs": "Katze > Katzenfutter > Nassfutter", "description": "Für gesunde sowie sensible ausgewachsene Katzen geeignet Spezielle diätetische Pflanzenfasern können der Bildung von Haarballen entgegenwirken Lachsöl liefert auf natürlichem Wege essenzielle Omega-3-Fettsäuren"}
{"url": "https://www.fressnapf.de/p/josera-pat-ente--huhn-mit-petersilie-16-x-85g-1397098/", "product_name": "Josera Paté Ente & Huhn mit Petersilie (16 x 85g)", "brand": "Josera Nassfutter", "regular_price": 0.0, "selling_price": 19.99, "price_per_unit": 0.0, "breadcrumbs": "Katze > Katzenfutter > Nassfutter", "description": "Für gesunde sowie sensible ausgewachsene Katzen geeignet Spezielle diätetische Pflanzenfasern können der Bildung von Haarballen entgegenwirken Lachsöl liefert auf natürlichem Wege essenzielle Omega-3-Fettsäuren"}
{"url": "https://www.fressnapf.de/p/dogsn-tiger-meer-12x70-g-1738359/", "product_name": "Dogs'n Tiger Meer! 12x70 g", "brand": "Dogs'n Tiger Nassfutter", "regular_price": 0.0, "selling_price": 19.99, "price_per_unit": 0.0, "breadcrumbs": "Katze > Katzenfutter > Nassfutter", "description": "Thunfisch und Lachs liefern die volle Portion an natürlichem Protein, Vitaminen und Omega-3-Fettsäuren für Fell und Haut Leckere Brühe macht die Mahlzeit besonders saftig und sorgt für einen ausgeglichenen Wasserhaushalt handgefertigt in Deutschland"}
{"url": "https://www.fressnapf.de/p/bozita-kitten-huehnchen-2-kg-1404775/", "product_name": "BOZITA Kitten Hühnchen 2 kg", "brand": "BOZITA Trockenfutter", "regular_price": 0.0, "selling_price": 19.99, "price_per_unit": 0.0, "breadcrumbs": "Katze > Katzenfutter > Trockenfutter", "description": "Von Herzen Nachhaltig Von Tierernährungsexperten entwickelte Rezeptur & liefert alle Nährstoffe Höchste Tierschutzgesetze"}
{"url": "https://www.fressnapf.de/p/dogsn-tiger-ei-der-daus-12x70-g-1763244/", "product_name": "Dogs'n Tiger Ei der Daus 12x70 g", "brand": "Dogs'n Tiger Nassfutter", "regular_price": 0.0, "selling_price": 19.99, "price_per_unit": 0.0, "breadcrumbs": "Katze > Katzenfutter > Nassfutter", "description": "Die besondere Mahlzeit mit feinen Filetstückchen Mit Huhn und Ei sehr reich an wertvollen Proteinen und Mineralien Handgefertigt in Deutschland"}
{"url": "https://www.fressnapf.de/p/bettys-landhauskueche-selektion-nr3-6-x-400g-dose-fuer-katze-1690042/", "product_name": "Betty's Landhausküche Selektion Nr.3 6 x 400g Dose für Katze", "brand": "Betty's Landhausküche Nassfutter", "regular_price": 0.0, "selling_price": 19.99, "price_per_unit": 0.0, "breadcrumbs": "Katze > Katzenfutter > Nassfutter", "description": "hohe Bioverfügbarkeit, beste Qualität, keine Zusätze von Zucker, Farb- und Konservierungsstoffen schonend gegart, gesunder Stoffwechsel dank Taurin, Borretschöl, reich an Omega -6-Fettsäuren, kann schönes und gesundes Fell unterstützen für wählerische Katzen besonders geeignet, hergestellt in Deutschland"}
{"url": "https://www.fressnapf.de/p/dogsn-tiger-katzenassfutter-wonne-12x70-g-1763245/", "product_name": "Dogs'n Tiger Katzenassfutter Wonne 12x70 g", "brand": "Dogs'n Tiger Nassfutter", "regular_price": 0.0, "selling_price": 19.99, "price_per_unit": 0.0, "breadcrumbs": "Katze > Katzenfutter > Nassfutter", "description": "Die besondere Mahlzeit mit feinen Filetstückchen Schmeckt sogar mäkeligen Katzen Mit Lachs und Muschel reich an wertvollen Proteinen und Mineralien"}
{"url": "https://www.fressnapf.de/p/miamor-cat-cream-gefluegel-66x15g-1844542/", "product_name": "Miamor Cat Cream Geflügel 66x15g", "brand": "Miamor Snacks", "regular_price": 0.0, "selling_price": 19.99, "price_per_unit": 0.0, "breadcrumbs": "Katze > Katzenfutter > Snacks", "description": "Die Extra-Portion Liebe Mit Spezialfunktionen Kalorienarm, ohne Zucker, servierfertig"}
{"url": "https://www.fressnapf.de/p/miamor-cat-11x5x15-g-rind--gemuese-1794390/", "product_name": "Miamor Cat 11x5x15 g Rind & Gemüse", "brand": "Miamor Snacks", "regular_price": 0.0, "selling_price": 19.99, "price_per_unit": 0.0, "breadcrumbs": "Katze > Katzenfutter > Snacks", "description": "Katzen-Snack Kalorienarm Ohne Zucker"}
{"url": "https://www.fressnapf.de/p/nd-farmina-ancestral-grain-adult-fuer-kastrierte-katzen-15-kg-1173565/", "product_name": "N&D Farmina Ancestral Grain Adult für kastrierte Katzen 1,5 kg", "brand": "N&D Farmina Trockenfutter", "regular_price": 0.0, "selling_price": 19.99, "price_per_unit": 0.0, "breadcrumbs": "Katze > Katzenfutter > Trockenfutter", "description": "Niedriger glykämischer Index Nur natürliche Antioxidantien Reich an hochwertigen Lebensmitteln, einschließlich wertvoller Vitamine, die dank der \"Cold Infusion\" -Technologie länger wirksam sind."}
{"url": "https://www.fressnapf.de/p/the-better-cat-nassfutter---huhn-6x200g-1870585/", "product_name": "The Better Cat Nassfutter - Huhn 6x200g", "brand": "The Better Cat Nassfutter", "regular_price": 0.0, "selling_price": 19.99, "price_per_unit": 0.0, "breadcrumbs": "Katze > Katzenfutter > Nassfutter", "description": "97% Fleisch & Brühe (Fleisch, Hals, Herz, Magen, Leber) - kein Gelee! Kein Getreide, Gluten, Füllstoffe oder Zuckerzusatz. Enthält Superfoods wie Eierschalenpulver, Leinöl, Brennnessel und Sanddorn."}
{"url": "https://www.fressnapf.de/p/the-better-cat-nassfutter---rind-6x200g-1870584/", "product_name": "The Better Cat Nassfutter - Rind 6x200g", "brand": "The Better Cat Nassfutter", "regular_price": 0.0, "selling_price": 19.99, "price_per_unit": 0.0, "breadcrumbs": "Katze > Katzenfutter > Nassfutter", "description": "97% Fleisch & Brühe (Fleisch, Herz, Lunge, Euter, Kehlkopf, Leber) - kein Gelee! Kein Getreide, Gluten, Füllstoffe oder Zuckerzusatz. Enthält Superfoods wie Eierschalenpulver, Leinöl, Brennnessel und Sanddorn."}
{"url": "https://www.fressnapf.de/p/dogsn-tiger-glueck-12x70-g-1738357/", "product_name": "Dogs'n Tiger Glück 12x70 g", "brand": "Dogs'n Tiger Nassfutter", "regular_price": 0.0, "selling_price": 19.99, "price_per_unit": 0.0, "breadcrumbs": "Katze > Katzenfutter > Nassfutter", "description": "Die Mischung aus Hühnerbrustfilet und Lachs versorgt mit hochwertigen Proteinen und gesunden Omega 3 Fettsäuren für gesunde Haut und ein gesundes Fell Leckere Brühe macht die Mahlzeit besonders saftig und sorgt für einen ausgeglichenen Wasserhaushalt handgefertigt in Deutschland"}
{"url": "https://www.fressnapf.de/p/josera-pat-kitten-16-x-85g-1397101/", "product_name": "Josera Paté Kitten (16 x 85g)", "brand": "Josera Nassfutter", "regular_price": 0.0, "selling_price": 19.99, "price_per_unit": 0.0, "breadcrumbs": "Katze > Katzenfutter > Nassfutter", "description": "Für heranwachsende Katzen bis zum 1. Lebensjahr geeignet Spezielle diätetische Pflanzenfasern können der Bildung von Haarballen entgegenwirken Lachsöl liefert auf natürlichem Wege essenzielle Omega-3-Fettsäuren"}
{"url": "https://www.fressnapf.de/p/bettys-landhauskueche-frischebeutel-senior-rind-mit-truthahn-12-x-100g-fuer-katze-1768241/", "product_name": "Betty's Landhausküche Frischebeutel SENIOR Rind mit Truthahn 12 x 100g für Katze", "brand": "Betty's Landhausküche Nassfutter", "regular_price": 0.0, "selling_price": 20.28, "price_per_unit": 0.0, "breadcrumbs": "Katze > Katzenfutter > Nassfutter", "description": "Ohne Zusatz von Farb-, Geschmacks- und Konservierungsstoffen, getreidefrei"}
{"url": "https://www.fressnapf.de/p/bettys-landhauskueche-frischebeutel-senior-huehnchen-mit-kuerbis-12-x-100g-fuer-katze-1768230/", "product_name": "Betty's Landhausküche Frischebeutel SENIOR Hühnchen mit Kürbis 12 x 100g für Katze", "brand": "Betty's Landhausküche Nassfutter", "regular_price": 0.0, "selling_price": 20.28, "price_per_unit": 0.0, "breadcrumbs": "Katze > Katzenfutter > Nassfutter", "description": "Ohne Zusatz von Farb-, Geschmacks- und Konservierungsstoffen, getreidefrei"}
{"url": "https://www.fressnapf.de/p/bettys-landhauskueche-kitten-huhn--rind-1403483/", "product_name": "Betty's Landhausküche Kitten Huhn & Rind", "brand": "Betty's Landhausküche Nassfutter", "regular_price": 0.0, "selling_price": 20.34, "price_per_unit": 0.0, "breadcrumbs": "Katze > Katzenfutter > Nassfutter", "description": "mit hochwertigem Fleisch, Lachsöl, reich an Omega-6-Fettsäuren hohe Bioverfügbarkeit, beste Qualität Gesunder Stoffwechsel dank Taurin"}
{"url": "https://www.fressnapf.de/p/i-love-my-cat-futterset-katzenfutter-nass-mit-lachs-und-truthahn-fuer-katzen-mit-gewichtsproblemen-1767208/", "product_name": "I love my cat Futterset Katzenfutter Nass mit Lachs und Truthahn für Katzen mit Gewichtsproblemen", "brand": "I love my cat Nassfutter", "regular_price": 0.0, "selling_price": 20.49, "price_per_unit": 0.0, "breadcrumbs": "Katze > Katzenfutter > Nassfutter", "description": "Effektives Gewichtsmanagement Hochwertige, natürliche Ernährung Bequem und kosteneffektiv"}
{"url": "https://www.fressnapf.de/p/i-love-my-cat-futterset-katzenfutter-nass-mit-huhn-fuer-uebergewichtige-katzen-nahrungsergaenzung-1767207/", "product_name": "I love my cat Futterset Katzenfutter Nass mit Huhn für übergewichtige Katzen Nahrungsergänzung", "brand": "I love my cat Nassfutter", "regular_price": 0.0, "selling_price": 20.49, "price_per_unit": 0.0, "breadcrumbs": "Katze > Katzenfutter > Nassfutter", "description": "Effektives Gewichtsmanagement Hochwertige, natürliche Inhaltsstoffe Kosteneffiziente Lösung"}
{"url": "https://www.fressnapf.de/p/i-love-my-cat-ilmc-freeze-snacks-fuer-katzen-als-sparset-1767156/", "product_name": "I love my cat ILMC Freeze-Snacks für Katzen als Sparset", "brand": "I love my cat Snacks", "regular_price": 0.0, "selling_price": 20.49, "price_per_unit": 0.0, "breadcrumbs": "Katze > Katzenfutter > Snacks", "description": "100 % Natürliche Zutaten: Die gefriergetrockneten Katzensnacks von \"I love my cat\" bestehen aus hochwertigen natürlichen Zutaten wie Hühnerherzen, Shrimps, Karotten und Entenbrust – ideal für eine gesunde und ausgewogene Ernährung. Leicht verdaulich und hypoallergen: Diese Katzensnacks sind leicht verdaulich und enthalten weder Getreide noch Zucker, was sie besonders für Katzen mit empfindlichen Mägen oder Futterallergien geeignet macht. Vielfältige Geschmacksrichtungen: Das Sparset enthält eine Auswahl an leckeren Snacks, darunter Hühnerherzen, Shrimps, Karotten und Entenbrust, die jede Katze lieben wird – perfekt für Gourmets und wählerische Esser."}
{"url": "https://www.fressnapf.de/p/wow-cat-adult-6x400-g-rind--pute-1830458/", "product_name": "WOW Cat Adult 6x400 g Rind & Pute", "brand": "WOW Nassfutter", "regular_price": 0.0, "selling_price": 20.49, "price_per_unit": 0.0, "breadcrumbs": "Katze > Katzenfutter > Nassfutter", "description": "Mit hohem Fleischanteil Hohe Akzeptanz & Verträglichkeit Hergestellt ohne Getreide & Zucker"}
{"url": "https://www.fressnapf.de/p/wow-cat-senior-6x400-g-wild--kaninchen-1830460/", "product_name": "WOW Cat Senior 6x400 g Wild & Kaninchen", "brand": "WOW Nassfutter", "regular_price": 0.0, "selling_price": 20.49, "price_per_unit": 0.0, "breadcrumbs": "Katze > Katzenfutter > Nassfutter", "description": "Mit hohem Fleischanteil Hohe Akzeptanz & Verträglichkeit Hergestellt ohne Getreide & Zucker"}
{"url": "https://www.fressnapf.de/p/bozita-diet--stomach-elch-2-kg-1355027/", "product_name": "BOZITA Diet & Stomach Elch 2 kg", "brand": "BOZITA", "regular_price": 0.0, "selling_price": 20.49, "price_per_unit": 0.0, "breadcrumbs": "PLP > VET Diäten > Katze > Schonkost", "description": "Von Herzen Nachhaltig Von Tierernährungsexperten entwickelte Rezeptur & liefert alle Nährstoffe Höchste Tierschutzgesetze"}
{"url": "https://www.fressnapf.de/p/cats-love-nassfutter-katze-adult-kalb--truthahn-6x400-g-1693975/", "product_name": "CAT'S LOVE Nassfutter Katze Adult Kalb & Truthahn 6x400 g", "brand": "CAT'S LOVE Nassfutter", "regular_price": 0.0, "selling_price": 18.79, "price_per_unit": 0.0, "breadcrumbs": "Katze > Katzenfutter > Nassfutter", "description": "Aus Österreich Ohne Getreide Ohne Zuckerzusatz"}
{"url": "https://www.fressnapf.de/p/cats-love-nassfutter-katze-junior-kalb-6x400-g-1693980/", "product_name": "CAT'S LOVE Nassfutter Katze Junior Kalb 6x400 g", "brand": "CAT'S LOVE Nassfutter", "regular_price": 0.0, "selling_price": 20.49, "price_per_unit": 0.0, "breadcrumbs": "Katze > Katzenfutter > Nassfutter", "description": "Aus Österreich Ohne Getreide Ohne Zuckerzusatz"}
{"url": "https://www.fressnapf.de/p/lucky-lou-maeusle-drink-snack-gouda-26x28g-1796479/", "product_name": "Lucky Lou Mäusle Drink-Snack Gouda 26x28g", "brand": "Lucky Lou Snacks", "regular_price": 0.0, "selling_price": 20.49, "price_per_unit": 0.0, "breadcrumbs": "Katze > Katzenfutter > Snacks", "description": "Laktosefrei, kalorienarm und ohne Tierversuche Spannende Mausform Frei von Getreide, Gluten, Zuckerzusätzen und Gentechnik"}
{"url": "https://www.fressnapf.de/p/sheba-natures-collection-22-x-85g-in-sauce-lachs-mit-erbsen-1654726/", "product_name": "Sheba Nature´s Collection 22 x 85g in Sauce Lachs mit Erbsen", "brand": "Sheba Nassfutter", "regular_price": 0.0, "selling_price": 20.49, "price_per_unit": 0.0, "breadcrumbs": "Katze > Katzenfutter > Nassfutter", "description": "Hochwertiges Nassfutter, das Ihre Katze mit allen Nährstoffen versorgt Alleinfuttermittel für ausgewachsene Katzen Hergestellt mit hochwertigen ausgewählten natürlichen Zutaten und ohne Zusatz von Farb- und Konservierungsstoffen"}
{"url": "https://www.fressnapf.de/p/select-gold-pure-chicken-snack-kitten-8-x-75g-1667178/", "product_name": "SELECT GOLD Pure Chicken Snack Kitten 8 x 75g", "brand": "SELECT GOLD Snacks", "regular_price": 0.0, "selling_price": 20.72, "price_per_unit": 0.0, "breadcrumbs": "Katze > Katzenfutter > Snacks", "description": "Getreidefreie Rezeptur 1 ausgewähltes Protein Prebiotisch"}
{"url": "https://www.fressnapf.de/p/fellicita-rind--gefluegel-fuer-kitten-6x-400g-1451600/", "product_name": "Fellicita Rind & Geflügel für Kitten 6x 400g", "brand": "Fellicita Nassfutter", "regular_price": 0.0, "selling_price": 20.73, "price_per_unit": 0.0, "breadcrumbs": "Katze > Katzenfutter > Nassfutter", "description": "Multiprotein – Mix aus mehreren Fleischsorten Rezepturen aus tierärztlicher Feder - bedarfsgerechte Nährstoffversorgung getreidefrei, ohne künstliche Aroma-, Farb- und Konservierungsstoffe"}
{"url": "https://www.fressnapf.de/p/fellicita-rind-pur-6x-400g-1927132/", "product_name": "Fellicita Rind pur 6x 400g", "brand": "Fellicita Nassfutter", "regular_price": 0.0, "selling_price": 20.73, "price_per_unit": 0.0, "breadcrumbs": "Katze > Katzenfutter > Nassfutter", "description": "Monoprotein – Nur eine Fleischsorte Rezepturen aus tierärztlicher Feder - bedarfsgerechte Nährstoffversorgung getreidefrei, ohne künstliche Aroma-, Farb- und Konservierungsstoffe"}
{"url": "https://www.fressnapf.de/p/reavet-omega-3-lachsoel-kapseln-200stk-1713380/", "product_name": "REAVET Omega-3 Lachsöl Kapseln 200Stk", "brand": "REAVET Ergänzungsfutter & Aufzucht", "regular_price": 0.0, "selling_price": 20.9, "price_per_unit": 0.0, "breadcrumbs": "Hund > Hundefutter > Ergänzungsfutter & Aufzucht", "description": "Besonders reich an Omega-3-Fettsäuren Förderung der normalen Gelenkfunktion Glänzendes Fell und vitale Haut"}
{"url": "https://www.fressnapf.de/p/reavet-relax-liquid-110ml-1714991/", "product_name": "REAVET Relax Liquid 110ml", "brand": "REAVET Ergänzungsfutter & Aufzucht", "regular_price": 0.0, "selling_price": 20.9, "price_per_unit": 0.0, "breadcrumbs": "Hund > Hundefutter > Ergänzungsfutter & Aufzucht", "description": "Natürliche Entspannung Für eine bessere Stabilisierung der nervlichen Belastbarkeit Fördert das allgemeine Wohlbefinden"}
{"url": "https://www.fressnapf.de/p/nutriqm-nutriness-sterilized-5-x-800g-1787446/", "product_name": "NutriQM Nutriness Sterilized 5 x 800g", "brand": "NutriQM Trockenfutter", "regular_price": 0.0, "selling_price": 20.94, "price_per_unit": 0.0, "breadcrumbs": "Katze > Katzenfutter > Trockenfutter", "description": "Ausgewogene Ernährung: Der Vital-5-Komplex fördert gleich fünffach ein gutes Katzenleben. Plus: Ohne Zusatz von Zucker und Gluten. Natürlich ohne künstliche Aromastoffe, Konservierungsstoffe und Farbstoffe. Vorbildlich: Nutriness achtet auf Tierwohl, auch beim verwendeten Hühnerfleisch. Deutlich erkennbar am Siegel der „Initiative Tierwohl“! Zudem wurde das Geflügel in Deutschland aufgezogen!"}
{"url": "https://www.fressnapf.de/p/nutriqm-snack-soup-1822306/", "product_name": "NutriQM Snack Soup", "brand": "NutriQM Snacks", "regular_price": 0.0, "selling_price": 20.94, "price_per_unit": 0.0, "breadcrumbs": "Katze > Katzenfutter > Snacks", "description": "Das ist der idealer Trinksnack für Katzen. Die Suppe ist super lecker - wie selbst gekocht - und beinhaltet echte Hühnerfiletstücke. Es werden nur natürliche Zutaten verwendet. Hergestellt und abgefüllt wird der Trinksnack in umweltschonenden Glas in Deutschland. Ohne Soja oder andere Getreidearten – Made in Germany!"}
{"url": "https://www.fressnapf.de/p/nutriqm-nutriness-kitten-5-x-750g-1787447/", "product_name": "NutriQM Nutriness Kitten 5 x 750g", "brand": "NutriQM Trockenfutter", "regular_price": 0.0, "selling_price": 20.94, "price_per_unit": 0.0, "breadcrumbs": "Katze > Katzenfutter > Trockenfutter", "description": "Ausgewogene Ernährung: Der Vital-5-Komplex fördert gleich fünffach ein gutes Katzenleben. Plus: Ohne Zusatz von Zucker und Gluten. Natürlich ohne künstliche Aromastoffe, Konservierungsstoffe und Farbstoffe. Vorbildlich: Nutriness achtet auf Tierwohl, auch beim verwendeten Hühnerfleisch. Deutlich erkennbar am Siegel der „Initiative Tierwohl“! Zudem wurde das Geflügel in Deutschland aufgezogen!"}
{"url": "https://www.fressnapf.de/p/nutriqm-nutriness-senior-5-x-800g-1787448/", "product_name": "NutriQM Nutriness Senior 5 x 800g", "brand": "NutriQM Trockenfutter", "regular_price": 0.0, "selling_price": 20.94, "price_per_unit": 0.0, "breadcrumbs": "Katze > Katzenfutter > Trockenfutter", "description": "Ausgewogene Ernährung: Der Vital-5-Komplex fördert gleich fünffach ein gutes Katzenleben. Plus: Ohne Zusatz von Zucker und Gluten. Natürlich ohne künstliche Aromastoffe, Konservierungsstoffe und Farbstoffe. Vorbildlich: Nutriness achtet auf Tierwohl, auch beim verwendeten Hühnerfleisch. Deutlich erkennbar am Siegel der „Initiative Tierwohl“! Zudem wurde das Geflügel in Deutschland aufgezogen!"}
{"url": "https://www.fressnapf.de/p/nutriqm-nutriness-adult-6x800g-huhn-1787449/", "product_name": "NutriQM Nutriness Adult 6x800g Huhn", "brand": "NutriQM Trockenfutter", "regular_price": 0.0, "selling_price": 20.94, "price_per_unit": 0.0, "breadcrumbs": "Katze > Katzenfutter > Trockenfutter", "description": "Ausgewogene Ernährung: Der Vital-5-Komplex fördert gleich fünffach ein gutes Katzenleben. Plus: Ohne Zusatz von Zucker und Gluten. Natürlich ohne künstliche Aromastoffe, Konservierungsstoffe und Farbstoffe. Vorbildlich: Nutriness achtet auf Tierwohl, auch beim verwendeten Hühnerfleisch. Deutlich erkennbar am Siegel der „Initiative Tierwohl“! Zudem wurde das Geflügel in Deutschland aufgezogen!"}
{"url": "https://www.fressnapf.de/p/i-love-my-cat-katzenfutter-nass-mit-insekten---6x200g-1767261/", "product_name": "I love my cat Katzenfutter Nass mit Insekten - 6x200g", "brand": "I love my cat Hundenassfutter", "regular_price": 0.0, "selling_price": 20.99, "price_per_unit": 0.0, "breadcrumbs": "Hund > Hundefutter > Hundenassfutter", "description": "Insekten als hypoallergene Eiweißquelle Hochwertige Alternative für allergische Katzen Frei von Getreide und anderen minderwertigen Zutaten"}
{"url": "https://www.fressnapf.de/p/escapure-nassfutter-pur-adult-wild-6x400-g-1931941/", "product_name": "ESCAPURE Nassfutter Pur Adult Wild 6x400 g", "brand": "ESCAPURE Hundenassfutter", "regular_price": 0.0, "selling_price": 20.99, "price_per_unit": 0.0, "breadcrumbs": "Hund > Hundefutter > Hundenassfutter", "description": "Reine Monoprotein Dose Besonders verträglich für Allergiker Geeignet zur Ausschlussdiät"}
{"url": "https://www.fressnapf.de/p/florie-kitten-16x100g---huhn-und-apfel-1687731/", "product_name": "florie Kitten 16x100g - Huhn und Apfel", "brand": "florie Nassfutter", "regular_price": 0.0, "selling_price": 20.99, "price_per_unit": 0.0, "breadcrumbs": "Katze > Katzenfutter > Nassfutter", "description": "Deutsche Premium-Qualität: hergestellt und verpackt in Deutschland viel frisches Hühnerfleisch liefert hochwertiges Protein sichert die Nährstoffversorgung heranwachsender Katzen"}
{"url": "https://www.fressnapf.de/p/husse-makrele-in-gele-1746865/", "product_name": "husse Makrele in Gele", "brand": "husse Nassfutter", "regular_price": 0.0, "selling_price": 21.0, "price_per_unit": 0.0, "breadcrumbs": "Katze > Katzenfutter > Nassfutter", "description": "hoher Fleischanteil wichitge Omega 3 Fettsäuren 100% Lebensmittelqualität"}
{"url": "https://www.fressnapf.de/p/i-love-my-cat-sparset-mit-nassfutter-mit-insekten-fuer-uebergewichtige-1767209/", "product_name": "I love my cat Sparset mit Nassfutter mit Insekten für übergewichtige", "brand": "I love my cat Nassfutter", "regular_price": 0.0, "selling_price": 21.29, "price_per_unit": 0.0, "breadcrumbs": "Katze > Katzenfutter > Nassfutter", "description": "Maßgeschneidertes Gewichtsmanagement Hochwertige, hypoallergene Ernährung Kosteneffizient und bequem"}
{"url": "https://www.fressnapf.de/p/delibest-mixpaket-ii-katzensnacks-600g-1688669/", "product_name": "DeliBest Mixpaket II Katzensnacks 600g", "brand": "DeliBest Snacks", "regular_price": 0.0, "selling_price": 21.39, "price_per_unit": 0.0, "breadcrumbs": "Katze > Katzenfutter > Snacks", "description": "Frei von Aroma- und Farbstoffen Glutenfrei, ohne Zuckerbeigabe Ökologisch und schonend getrocknet"}
{"url": "https://www.fressnapf.de/p/josera-filet-huhn-mit-ente-16-x-70g-1347414/", "product_name": "Josera Filet Huhn mit Ente (16 x 70g)", "brand": "Josera Nassfutter", "regular_price": 0.0, "selling_price": 21.49, "price_per_unit": 0.0, "breadcrumbs": "Katze > Katzenfutter > Nassfutter", "description": "Das getreidefreie Menü für gesunde und sensible Katzen Leckere Fleischvariation aus 10 % Ente sowie 40 % saftigen Hühnerfilet-Stückchen Ausgewählte Zutaten fördern einen Harn-pH-Wert von 6,0 – 6,5 und können der Harnsteinbildung entgegenwirken"}
{"url": "https://www.fressnapf.de/p/josera-filet-huhn-mit-rind-16-x-70g-1347417/", "product_name": "Josera Filet Huhn mit Rind (16 x 70g)", "brand": "Josera Nassfutter", "regular_price": 0.0, "selling_price": 21.49, "price_per_unit": 0.0, "breadcrumbs": "Katze > Katzenfutter > Nassfutter", "description": "Das getreidefreie Menü für gesunde und sensible Katzen Leckere Fleischvariation aus 10 % Rind sowie 40 % saftigen Hühnerfilet-Stückchen Ausgewählte Zutaten fördern einen Harn-pH-Wert von 6,0 – 6,5 und können der Harnsteinbildung entgegenwirken"}
{"url": "https://www.fressnapf.de/p/josera-filet-pures-huhn-16-x-70g-1347418/", "product_name": "Josera Filet Pures Huhn (16 x 70g)", "brand": "Josera Nassfutter", "regular_price": 0.0, "selling_price": 21.49, "price_per_unit": 0.0, "breadcrumbs": "Katze > Katzenfutter > Nassfutter", "description": "Das getreidefreie Menü für gesunde und sensible Katzen Fleischvariation mit 60 % Huhn, davon 40 % Hühnerfilet-Stückchen Ausgewählte Zutaten fördern einen Harn-pH-Wert von 6,0 – 6,5 und können der Harnsteinbildung entgegenwirken"}
{"url": "https://www.fressnapf.de/p/hills-hills-science-plan-trockenfutter-katze-adult-hairball--perfect-coat-huhn-15-kg-1882911/", "product_name": "Hill's Hill’s SCIENCE PLAN Trockenfutter Katze Adult Hairball & Perfect Coat Huhn 1,5 kg", "brand": "Hill's Trockenfutter", "regular_price": 0.0, "selling_price": 21.49, "price_per_unit": 0.0, "breadcrumbs": "Katze > Katzenfutter > Trockenfutter", "description": "Reduziert die Bildung von Haarballen dank der Advanced Fibre Technology Schöne Haut und schönes Fell, dank Vitamin E und Omega-6-Fettsäuren Hochwertiges Eiweiß für eine wohlschmeckende, nahrhafte Mahlzeit"}
{"url": "https://www.fressnapf.de/p/josera-filet-huhn-mit-lachs-16-x-70g-1347416/", "product_name": "Josera Filet Huhn mit Lachs (16 x 70g)", "brand": "Josera Nassfutter", "regular_price": 0.0, "selling_price": 21.49, "price_per_unit": 0.0, "breadcrumbs": "Katze > Katzenfutter > Nassfutter", "description": "Das getreidefreie Menü für gesunde und sensible Katzen Leckere Fleischvariation aus 10 % Lachs sowie 40 % saftigen Hühnerfilet-Stückchen Ausgewählte Zutaten fördern einen Harn-pH-Wert von 6,0 – 6,5 und können der Harnsteinbildung entgegenwirken"}
{"url": "https://www.fressnapf.de/p/josera-filet-huhn-mit-kalb-16-x-70g-1347415/", "product_name": "Josera Filet Huhn mit Kalb (16 x 70g)", "brand": "Josera Nassfutter", "regular_price": 0.0, "selling_price": 21.49, "price_per_unit": 0.0, "breadcrumbs": "Katze > Katzenfutter > Nassfutter", "description": "Das getreidefreie Menü für gesunde und sensible Katzen Leckere Fleischvariation aus 10 % Kalb sowie 40 % saftigen Hühnerfilet-Stückchen Ausgewählte Zutaten fördern einen Harn-pH-Wert von 6,0 – 6,5 und können der Harnsteinbildung entgegenwirken"}
{"url": "https://www.fressnapf.de/p/mooiza-pet-biotic-pro-1920606/", "product_name": "Mooiza Pet Biotic Pro", "brand": "Mooiza Pet Ergänzungsfutter & Aufzucht", "regular_price": 0.0, "selling_price": 21.5, "price_per_unit": 0.0, "breadcrumbs": "Hund > Hundefutter > Ergänzungsfutter & Aufzucht", "description": "Eine gesunde Verdauung und Darmflora, ganz natürlich Kräuter Elixir mit probiotischen Kulturen zur Unterstützung der Darmflora und des Immunsystems. Einfach zum täglichen Futter oder Trinkwasser hinzufügen."}
{"url": "https://www.fressnapf.de/p/premiere-my-drink-20x140-g-huhn-1679350/", "product_name": "PREMIERE My Drink 20x140 g Huhn", "brand": "PREMIERE Snacks", "regular_price": 0.0, "selling_price": 21.8, "price_per_unit": 0.0, "breadcrumbs": "Katze > Katzenfutter > Snacks", "description": "Für die Extraportion Flüssigkeit Ohne Milch Getreidefreie Rezeptur"}
{"url": "https://www.fressnapf.de/p/mooiza-pet-dermo-1920603/", "product_name": "Mooiza Pet Dermo", "brand": "Mooiza Pet Ergänzungsfutter & Aufzucht", "regular_price": 0.0, "selling_price": 21.9, "price_per_unit": 0.0, "breadcrumbs": "Hund > Hundefutter > Ergänzungsfutter & Aufzucht", "description": "Haut und Fellpflege von innen mit wichtigen Ölen, Vitaminen und Spurenelementen. Mit den besten Nährstoffen (Biotin, Zink, Vitamin A, B, E) für eine gesunde Haut und glänzendes Fell. Minimale Dosis (1 ml) als leckeres Nutri-Gel einfach täglich dem Futter oder Snack zufügen."}
{"url": "https://www.fressnapf.de/p/reavet-barf-futteroel-2-sorten-x-500ml-1714945/", "product_name": "REAVET Barf Futteröl 2 Sorten x 500ml", "brand": "REAVET Ergänzungsfutter & Aufzucht", "regular_price": 0.0, "selling_price": 21.9, "price_per_unit": 0.0, "breadcrumbs": "Hund > Hundefutter > Ergänzungsfutter & Aufzucht", "description": "100 % natürlich & ohne Zusätze Für vitale Haut & Haare Unterstützt das Immunsystem"}
{"url": "https://www.fressnapf.de/p/reavet-vitamin-komplex-300g-1713439/", "product_name": "REAVET Vitamin Komplex 300g", "brand": "REAVET Ergänzungsfutter & Aufzucht", "regular_price": 0.0, "selling_price": 21.9, "price_per_unit": 0.0, "breadcrumbs": "Hund > Hundefutter > Ergänzungsfutter & Aufzucht", "description": "100% natürlich für Vitalität & Wohlbefinden Unterstützung der normalen Immunkraft Ganzjährige Versorgung mit wichtigen Vitaminen & Mineralstoffen"}
{"url": "https://www.fressnapf.de/p/reavet-bierhefe-pulver-15kg-1713400/", "product_name": "REAVET Bierhefe Pulver 1,5kg", "brand": "REAVET Ergänzungsfutter & Aufzucht", "regular_price": 0.0, "selling_price": 21.9, "price_per_unit": 0.0, "breadcrumbs": "Hund > Hundefutter > Ergänzungsfutter & Aufzucht", "description": "Hoher Gehalt an natürlichem Vitamin B-Komplex Für glänzendes, kräftiges Fell und vitale Haut Tägliche Versorgung mit wichtigen Nährstoffen"}
{"url": "https://www.fressnapf.de/p/favly-petfood-pure-bites-rind-360-g-1690415/", "product_name": "FAVLY Petfood PURE Bites Rind 360 g", "brand": "FAVLY Petfood Snacks", "regular_price": 0.0, "selling_price": 21.9, "price_per_unit": 0.0, "breadcrumbs": "Hund > Hundefutter > Snacks", "description": "perfekt zum Training - fetten & bröseln nicht Hohe Akzeptanz durch hohen Fleischanteil monoprotein, getreidefrei & frei von Zusätzen"}
{"url": "https://www.fressnapf.de/p/reavet-gruenlippmuschel-extrakt-250g-1713442/", "product_name": "REAVET Grünlippmuschel Extrakt 250g", "brand": "REAVET Ergänzungsfutter & Aufzucht", "regular_price": 0.0, "selling_price": 21.9, "price_per_unit": 0.0, "breadcrumbs": "Hund > Hundefutter > Ergänzungsfutter & Aufzucht", "description": "Premium Qualität aus Neuseeland Besonders hoher Gehalt an Glykosaminoglykane (GAG) Für Bewegungsfreude"}
{"url": "https://www.fressnapf.de/p/reavet-maine-coon-complex-60g-1714959/", "product_name": "REAVET Maine Coon Complex 60g", "brand": "REAVET Ergänzungsfutter & Aufzucht", "regular_price": 0.0, "selling_price": 21.9, "price_per_unit": 0.0, "breadcrumbs": "Katze > Katzenfutter > Ergänzungsfutter & Aufzucht", "description": "Einzigartige, speziell abgestimmte rezeptur für Maine Coon Katzen Fördert das Wohlbefinden und die Vitalität Unterstützung von Bewegung & Gelenke"}
{"url": "https://www.fressnapf.de/p/i-love-my-cat-ilmc-set-mit-huhn---trockenfutter-mit-huhn--nassfutter-mit-huhn--jute-beutel-1767182/", "product_name": "I love my cat ILMC set mit Huhn - Trockenfutter mit Huhn + Nassfutter mit Huhn + Jute Beutel", "brand": "I love my cat Nassfutter", "regular_price": 0.0, "selling_price": 21.98, "price_per_unit": 0.0, "breadcrumbs": "Katze > Katzenfutter > Nassfutter", "description": "Ausgewogene und nährstoffreiche Ernährung Eliminierung von minderwertigen Zutaten Getreidefreies Trockenfutter und saftiges Nassfutter"}
{"url": "https://www.fressnapf.de/p/i-love-my-cat-trockenfutter-fuer-katzen-mit-insektenprotein---12-kg-1767040/", "product_name": "I love my cat Trockenfutter für Katzen mit Insektenprotein - 1,2 kg", "brand": "I love my cat Hundetrockenfutter", "regular_price": 0.0, "selling_price": 21.99, "price_per_unit": 0.0, "breadcrumbs": "Hund > Hundefutter > Hundetrockenfutter", "description": "Katzenfutter mit hohem Proteingehalt ist ideal für Tiere, die an einer Futtermittelallergie leiden oder generell empfindlich sind Das Katzentrockenfutter getreidefrei enthält außerdem viele wichtige Omega-3-Fette aus Lachs, Leinöl, schmackhaftem Gemüse und gesundem Obst Katzentrockenfutter versorgt Ihr Tier mit allen notwendigen Nährstoffen, die es für ein starkes Immunsystem, stabile Knochen und ein glänzendes Fell benötigt"}
{"url": "https://www.fressnapf.de/p/i-love-my-cat-futterset-fuer-katzen-mit-blasenentzuendung-1767190/", "product_name": "I love my cat Futterset für Katzen mit Blasenentzündung", "brand": "I love my cat Nassfutter", "regular_price": 0.0, "selling_price": 21.99, "price_per_unit": 0.0, "breadcrumbs": "Katze > Katzenfutter > Nassfutter", "description": "Gezielte Ernährung bei Gastritis Entgiftung der Nieren Stärkung des Immunsystems"}
{"url": "https://www.fressnapf.de/p/i-love-my-cat-futterset-fuer-katzen-mit-blasensteinen-zum-sparpreis-1767189/", "product_name": "I love my cat Futterset für Katzen mit Blasensteinen zum Sparpreis", "brand": "I love my cat Ergänzungsfutter & Aufzucht", "regular_price": 0.0, "selling_price": 21.99, "price_per_unit": 0.0, "breadcrumbs": "Katze > Katzenfutter > Ergänzungsfutter & Aufzucht", "description": "Maßgeschneiderte Ernährung bei Struvitsteinen Nierenunterstützungs-Pulver Unterstützung des Immunsystems"}
{"url": "https://www.fressnapf.de/p/josicat-meat-sticks-beef--lamb-vorratspack-20-x-35g-1838832/", "product_name": "JosiCat Meat Sticks Beef & Lamb Vorratspack (20 x 35g)", "brand": "JosiCat Snacks", "regular_price": 0.0, "selling_price": 21.99, "price_per_unit": 0.0, "breadcrumbs": "Katze > Katzenfutter > Snacks", "description": "Der Kausnack für ausgewachsene Katzen mit hohem Fleischanteil Ohne Zusatz von Zucker, Getreide, Farbstoffen und künstlichen Geschmacksverstärkern Beliebt bei Katzen: mit hoher Akzeptanz"}
{"url": "https://www.fressnapf.de/p/josicat-meat-sticks-salmon--trout-vorratspack-20-x-35g-1838834/", "product_name": "JosiCat Meat Sticks Salmon & Trout Vorratspack (20 x 35g)", "brand": "JosiCat Snacks", "regular_price": 0.0, "selling_price": 21.99, "price_per_unit": 0.0, "breadcrumbs": "Katze > Katzenfutter > Snacks", "description": "Der Kausnack für ausgewachsene Katzen mit hohem Fleischanteil Ohne Zusatz von Zucker, Getreide, Farbstoffen und künstlichen Geschmacksverstärkern Beliebt bei Katzen: mit hoher Akzeptanz"}
{"url": "https://www.fressnapf.de/p/vitakraft-naturals-stick-huhn-20x4-stueck-1780504/", "product_name": "Vitakraft Naturals Stick Huhn 20x4 Stück", "brand": "Vitakraft Snacks", "regular_price": 0.0, "selling_price": 21.99, "price_per_unit": 0.0, "breadcrumbs": "Katze > Katzenfutter > Snacks", "description": "100% Natural Snack Extra fleischig Vollständiger Verzicht auf Zusatzstoffe"}
{"url": "https://www.fressnapf.de/p/aniforte-bio-kokosoel-1-liter-1780445/", "product_name": "AniForte Bio Kokosöl 1 Liter", "brand": "AniForte Ergänzungsfutter & Aufzucht", "regular_price": 0.0, "selling_price": 21.99, "price_per_unit": 0.0, "breadcrumbs": "Hund > Hundefutter > Ergänzungsfutter & Aufzucht", "description": "Für Energiestoffwechsel & Immunsystem Nicht raffiniert, desodoriert oder gehärtet In Rohkost- & Lebensmittelqualität"}
{"url": "https://www.fressnapf.de/p/josicat-meat-sticks-chicken--duck-vorratspack-20-x-35g-1838833/", "product_name": "JosiCat Meat Sticks Chicken & Duck Vorratspack (20 x 35g)", "brand": "JosiCat Snacks", "regular_price": 0.0, "selling_price": 21.99, "price_per_unit": 0.0, "breadcrumbs": "Katze > Katzenfutter > Snacks", "description": "Der Kausnack für ausgewachsene Katzen mit hohem Fleischanteil Ohne Zusatz von Zucker, Getreide, Farbstoffen und künstlichen Geschmacksverstärkern Beliebt bei Katzen: mit hoher Akzeptanz"}
{"url": "https://www.fressnapf.de/p/yarrah-bio-adult-trockenfutter-fuer-sterilisierte-katzen-huhn--fisch-msc-2-kg-1326930/", "product_name": "Yarrah Bio Adult Trockenfutter für sterilisierte Katzen Huhn & Fisch (MSC) 2 kg", "brand": "Yarrah Trockenfutter", "regular_price": 0.0, "selling_price": 21.99, "price_per_unit": 0.0, "breadcrumbs": "Katze > Katzenfutter > Trockenfutter", "description": "Bio - frei von Zusatzstoffen & Pestiziden Für sterilisierte Katzen Getreidefrei"}
{"url": "https://www.fressnapf.de/p/beaphar-lactol-aufzucht-milch-500-g-1297285/", "product_name": "Beaphar Lactol Aufzucht-Milch 500 g", "brand": "Beaphar Ergänzungsfutter & Aufzucht", "regular_price": 0.0, "selling_price": 21.99, "price_per_unit": 0.0, "breadcrumbs": "Katze > Katzenfutter > Ergänzungsfutter & Aufzucht", "description": "Aufzuchtmilch für junge und Aufbaumilch für alte & geschwächte Tiere Mit hochwertigen Proteinen, Vitaminen, Nährstoffen und DHA Spezieller Herstellungsprozess erhält wichtige Proteine"}
{"url": "https://www.fressnapf.de/p/pets-nature-gmbh-pawsome-adult-rind-28x85-g-1846097/", "product_name": "Pets Nature GmbH Pawsome Adult Rind 28x85 g", "brand": "Pets Nature GmbH Nassfutter", "regular_price": 0.0, "selling_price": 22.09, "price_per_unit": 0.0, "breadcrumbs": "Katze > Katzenfutter > Nassfutter", "description": "Artgerecht & köstlich 88 % tierische Zutaten Mit Superfoods & feinen Kräutern"}
{"url": "https://www.fressnapf.de/p/pets-nature-gmbh-pawsome-adult-light-pute-28x85-g-1846122/", "product_name": "Pets Nature GmbH Pawsome Adult light Pute 28x85 g", "brand": "Pets Nature GmbH Nassfutter", "regular_price": 0.0, "selling_price": 22.09, "price_per_unit": 0.0, "breadcrumbs": "Katze > Katzenfutter > Nassfutter", "description": "Artgerecht & köstlich 88 % tierische Zutaten Mit Superfoods & feinen Kräutern"}
{"url": "https://www.fressnapf.de/p/pets-nature-gmbh-pawsome-kitten-lachs-28x85-g-1846124/", "product_name": "Pets Nature GmbH Pawsome Kitten Lachs 28x85 g", "brand": "Pets Nature GmbH Nassfutter", "regular_price": 0.0, "selling_price": 22.09, "price_per_unit": 0.0, "breadcrumbs": "Katze > Katzenfutter > Nassfutter", "description": "Artgerecht & köstlich 88 % tierische Zutaten Mit Superfoods & feinen Kräutern"}
{"url": "https://www.fressnapf.de/p/delibest-mixpaket-i-katzensnacks-370g-1688668/", "product_name": "DeliBest Mixpaket I Katzensnacks 370g", "brand": "DeliBest Snacks", "regular_price": 0.0, "selling_price": 22.09, "price_per_unit": 0.0, "breadcrumbs": "Katze > Katzenfutter > Snacks", "description": "Frei von Aroma- und Farbstoffen Glutenfrei, ohne Zuckerbeigabe Ökologisch und schonend getrocknet"}
{"url": "https://www.fressnapf.de/p/i-love-my-cat-vermal-set-fuer-katzen-marsavet-vermal-tropfen-50-ml--nassfutter-mit-huhn-6x100-g-1844631/", "product_name": "I love my cat Vermal Set für Katzen Marsavet Vermal Tropfen 50 ml + Nassfutter mit Huhn 6x100 g", "brand": "I love my cat Nassfutter", "regular_price": 0.0, "selling_price": 22.38, "price_per_unit": 0.0, "breadcrumbs": "Katze > Katzenfutter > Nassfutter", "description": "Natürliche Parasitenabwehr: Marsavet Vermal Tropfen nutzen Kokos- & Kürbiskernöl für wurmfeindliches Darmmilieu, tierärztlich empfohlen für Ihre Katze's Gesundheit. Unser gesundes Katzenfutter Nass mit Huhn ermöglicht Ihnen eine artgerechte Ernährung Ihrer Katze"}
{"url": "https://www.fressnapf.de/p/i-love-my-cat-sparset-trockenfutter-mit-huhn-fuer-katzen-mit-uebergewicht-nahrungsergaenzung-1767211/", "product_name": "I love my cat Sparset Trockenfutter mit Huhn für Katzen mit Übergewicht Nahrungsergänzung", "brand": "I love my cat Trockenfutter", "regular_price": 0.0, "selling_price": 22.49, "price_per_unit": 0.0, "breadcrumbs": "Katze > Katzenfutter > Trockenfutter", "description": "Maßgeschneidertes Gewichtsmanagement Hochwertige, hypoallergene Ernährung Kosteneffizient und bequem"}
{"url": "https://www.fressnapf.de/p/lucky-lou-lucky-ones-cubes-8x80g-mix-pack-1693960/", "product_name": "Lucky Lou Lucky Ones Cubes 8x80g Mix-Pack", "brand": "Lucky Lou Snacks", "regular_price": 0.0, "selling_price": 22.49, "price_per_unit": 0.0, "breadcrumbs": "Katze > Katzenfutter > Snacks", "description": "Katzengerechten Happen für zwischendurch Mit bis zu 87 % tierischen Zutaten Ohne Gluten & Getreide, Zuckerzusätze, Gentechnik und Tierversuche"}
{"url": "https://www.fressnapf.de/p/sheba-mega-pack-fresh--fine-in-sauce-mit-huhn-mit-gefluegel-mit-truthahn-50-x-50g-1350157/", "product_name": "Sheba Mega Pack Fresh & Fine in Sauce mit Huhn, mit Geflügel, mit Truthahn 50 x 50g", "brand": "Sheba Nassfutter", "regular_price": 0.0, "selling_price": 22.49, "price_per_unit": 0.0, "breadcrumbs": "Katze > Katzenfutter > Nassfutter", "description": "Hochwertiges Nassfutter, das Ihre Katze mit allen Nährstoffen versorgt Alleinfuttermittel für ausgewachsene Katzen Köstliches Nassfutter in Sauce aus erlesenen Zutaten"}
{"url": "https://www.fressnapf.de/p/fellicita-pute-pur-6x-400g-1927133/", "product_name": "Fellicita Pute pur 6x 400g", "brand": "Fellicita Nassfutter", "regular_price": 0.0, "selling_price": 22.62, "price_per_unit": 0.0, "breadcrumbs": "Katze > Katzenfutter > Nassfutter", "description": "Monoprotein – Nur eine Fleischsorte Rezepturen aus tierärztlicher Feder - bedarfsgerechte Nährstoffversorgung getreidefrei, ohne künstliche Aroma-, Farb- und Konservierungsstoffe"}
{"url": "https://www.fressnapf.de/p/reavet-denta-vital-pulver-150g-1713422/", "product_name": "REAVET Denta Vital Pulver 150g", "brand": "REAVET Ergänzungsfutter & Aufzucht", "regular_price": 0.0, "selling_price": 22.9, "price_per_unit": 0.0, "breadcrumbs": "Hund > Hundefutter > Ergänzungsfutter & Aufzucht", "description": "reinigung und Pflege von Zähnen & Zahnfleisch Unterstützend bei Maulgeruch & Mundhygiene Plaque- und Zahnsteinbildung werden verringert"}
{"url": "https://www.fressnapf.de/p/i-love-my-cat-ilmc-set-mit-lachs-und-truthahn---trockenfutter-und-nassfutter--jutebeutel-1767183/", "product_name": "I love my cat ILMC set mit Lachs und Truthahn - Trockenfutter und Nassfutter + Jutebeutel", "brand": "I love my cat Trockenfutter", "regular_price": 0.0, "selling_price": 22.98, "price_per_unit": 0.0, "breadcrumbs": "Katze > Katzenfutter > Trockenfutter", "description": "Hochwertige, artgerechte Ernährung Körnerfreies Trockenfutter mit Lachs Leckeres Nassfutter mit Lachs und Pute"}
{"url": "https://www.fressnapf.de/p/josicat-pat-32x-100g-packung-1838829/", "product_name": "JosiCat Paté 32x 100g Packung", "brand": "JosiCat Nassfutter", "regular_price": 0.0, "selling_price": 22.99, "price_per_unit": 0.0, "breadcrumbs": "Katze > Katzenfutter > Nassfutter", "description": "Saftiges Nassfutter für ausgewachsene Katzen, angereichert mit Vitamin E für verbesserten Zellschutz Enthält Vitamin D3 zur Förderung eines stabilen Knochenbaus Ohne Zusatz von Farb- und Aromastoffen sowie Konservierungsmitteln; mit Biotin, Kupfer, Zink und 4% Inulin für glänzendes Fell und eine positive Beeinflussung der Darmflora"}
{"url": "https://www.fressnapf.de/p/miamor-milky-shake-44x20g-pute-1716461/", "product_name": "Miamor Milky Shake 44x20g Pute", "brand": "Miamor Snacks", "regular_price": 0.0, "selling_price": 22.99, "price_per_unit": 0.0, "breadcrumbs": "Katze > Katzenfutter > Snacks", "description": "Zuckerfreie Rezeptur Laktosereduziert Mit Taurin"}
{"url": "https://www.fressnapf.de/p/josicat-pat-32x-100g-packung-1838831/", "product_name": "JosiCat Paté 32x 100g Packung", "brand": "JosiCat Nassfutter", "regular_price": 0.0, "selling_price": 22.99, "price_per_unit": 0.0, "breadcrumbs": "Katze > Katzenfutter > Nassfutter", "description": "Saftiges Nassfutter mit Ente für ausgewachsene Katzen, angereichert mit Vitamin E für verbesserten Zellschutz Enthält Vitamin D3 zur Förderung eines stabilen Knochenbaus Ohne Zusatz von Farb- und Aromastoffen sowie Konservierungsmitteln; mit Biotin, Kupfer, Zink und 4% Inulin für glänzendes Fell und eine positive Beeinflussung der Darmflora"}
{"url": "https://www.fressnapf.de/p/josicat-pat-32x-100g-packung-1838830/", "product_name": "JosiCat Paté 32x 100g Packung", "brand": "JosiCat Nassfutter", "regular_price": 0.0, "selling_price": 22.99, "price_per_unit": 0.0, "breadcrumbs": "Katze > Katzenfutter > Nassfutter", "description": "Saftiges Nassfutter für ausgewachsene Katzen, angereichert mit Vitamin E für verbesserten Zellschutz Enthält Vitamin D3 zur Förderung eines stabilen Knochenbaus Ohne Zusatz von Farb- und Aromastoffen sowie Konservierungsmitteln; mit Biotin, Kupfer, Zink und 4% Inulin für glänzendes Fell und eine positive Beeinflussung der Darmflora"}
{"url": "https://www.fressnapf.de/p/animonda-carny-adult-creamy-11x6x15-g-mit-taurin-lachs-1696309/", "product_name": "animonda Carny Adult Creamy 11x6x15 g mit Taurin Lachs", "brand": "animonda Snacks", "regular_price": 0.0, "selling_price": 22.99, "price_per_unit": 0.0, "breadcrumbs": "Katze > Katzenfutter > Snacks", "description": "unverfälschter Genuss praktische Einzelportionen - für frischen Schleck-Genuss jeden Tag mit ausgewählten, fleischlichen Zutaten"}
{"url": "https://www.fressnapf.de/p/josicat-pat-32x-100g-packung-1838828/", "product_name": "JosiCat Paté 32x 100g Packung", "brand": "JosiCat Nassfutter", "regular_price": 0.0, "selling_price": 22.99, "price_per_unit": 0.0, "breadcrumbs": "Katze > Katzenfutter > Nassfutter", "description": "Saftiges Nassfutter für ausgewachsene Katzen, angereichert mit Vitamin E für verbesserten Zellschutz Enthält Vitamin D3 zur Förderung eines stabilen Knochenbaus Ohne Zusatz von Farb- und Aromastoffen sowie Konservierungsmitteln; mit Biotin, Kupfer, Zink und 4% Inulin für glänzendes Fell und eine positive Beeinflussung der Darmflora"}
{"url": "https://www.fressnapf.de/p/i-love-my-cat-futterset-trockenfutter-mit-lachs-fuer-uebergewichtige-katzen-nahrungsergaenzung-1767212/", "product_name": "I love my cat Futterset Trockenfutter mit Lachs für übergewichtige Katzen Nahrungsergänzung", "brand": "I love my cat Trockenfutter", "regular_price": 0.0, "selling_price": 23.39, "price_per_unit": 0.0, "breadcrumbs": "Katze > Katzenfutter > Trockenfutter", "description": "Maßgeschneiderte Ernährung zur Gewichtsabnahme Wirksame Unterstützung bei der Gewichtsabnahme Kostengünstige und bequeme Lösung"}
{"url": "https://www.fressnapf.de/p/wow-cat-adult-12x125-g-huhn-pur-1830450/", "product_name": "WOW Cat Adult 12x125 g Huhn pur", "brand": "WOW Nassfutter", "regular_price": 0.0, "selling_price": 23.49, "price_per_unit": 0.0, "breadcrumbs": "Katze > Katzenfutter > Nassfutter", "description": "Mit hohem Fleischanteil Hohe Akzeptanz & Verträglichkeit Hergestellt ohne Getreide & Zucker"}
{"url": "https://www.fressnapf.de/p/pets-deli-adult-huehnerfilet-menu-mit-karotten--loewenzahn-12x85g-1838894/", "product_name": "Pets Deli Adult Hühnerfilet Menu mit Karotten & Löwenzahn 12x85g", "brand": "Pets Deli Nassfutter", "regular_price": 0.0, "selling_price": 23.49, "price_per_unit": 0.0, "breadcrumbs": "Katze > Katzenfutter > Nassfutter", "description": "Premium Nassfutter für Katzen mit zartem Hühnerfilet Hohe Akzeptanz durch extra frische, leckere Leber Gesunde Wahl - Getreidefrei, zuckerfrei, glutenfrei"}
{"url": "https://www.fressnapf.de/p/pets-deli-adult-thunfischfilet-menue-mit-kuerbis--basilikum-12x85g-1838895/", "product_name": "Pets Deli Adult Thunfischfilet Menü mit Kürbis & Basilikum 12x85g", "brand": "Pets Deli Nassfutter", "regular_price": 0.0, "selling_price": 23.49, "price_per_unit": 0.0, "breadcrumbs": "Katze > Katzenfutter > Nassfutter", "description": "Premium Nassfutter für Katzen mit Thunfisch & Putenfilet Hohe Akzeptanz durch extra frische, leckere Leber Gesunde Wahl - Getreidefrei, zuckerfrei, glutenfrei"}
{"url": "https://www.fressnapf.de/p/sheba-perfect-portions-4x-16x375-g-ente--truthahn-1715782/", "product_name": "Sheba Perfect Portions 4x 16x37,5 g Ente & Truthahn", "brand": "Sheba Nassfutter", "regular_price": 0.0, "selling_price": 23.49, "price_per_unit": 0.0, "breadcrumbs": "Katze > Katzenfutter > Nassfutter", "description": "Mit 100% nachhaltig gefangenem Fisch Einfach knicken, öffnen, frisch servieren Ohne Zusätze und ohne künstliche Farb- oder Konservierungsstoffe"}
{"url": "https://www.fressnapf.de/p/wow-cat-senior-12x125-g-ente--gefluegel-1830452/", "product_name": "WOW Cat Senior 12x125 g Ente & Geflügel", "brand": "WOW Nassfutter", "regular_price": 0.0, "selling_price": 23.49, "price_per_unit": 0.0, "breadcrumbs": "Katze > Katzenfutter > Nassfutter", "description": "Mit hohem Fleischanteil Hohe Akzeptanz & Verträglichkeit Hergestellt ohne Getreide & Zucker"}
{"url": "https://www.fressnapf.de/p/delibest-cat-snack-8x45g-huhn-1489987/", "product_name": "DeliBest Cat Snack 8x45g Huhn", "brand": "DeliBest Snacks", "regular_price": 0.0, "selling_price": 23.49, "price_per_unit": 0.0, "breadcrumbs": "Katze > Katzenfutter > Snacks", "description": "Schweizer Fleisch aus artgerechter Tierhaltung Ökologisch und schonend getrocknet Frei von Aroma- und Farbstoffen"}
{"url": "https://www.fressnapf.de/p/miamor-feine-filets-in-sauce-24-x-85g-thunfisch-pur-1658582/", "product_name": "Miamor Feine Filets in Sauce 24 x 85g Thunfisch pur", "brand": "Miamor Nassfutter", "regular_price": 0.0, "selling_price": 23.76, "price_per_unit": 0.0, "breadcrumbs": "Katze > Katzenfutter > Nassfutter", "description": "Ohne Zusatz von künstlichen Aromen. Ohne Zusatz von Konservierungsstoffen. In Sauce"}
{"url": "https://www.fressnapf.de/p/select-gold-medica-harnsteindiaet-24x85g-huhn-1431093/", "product_name": "SELECT GOLD Medica Harnsteindiät 24x85g Huhn", "brand": "SELECT GOLD", "regular_price": 0.0, "selling_price": 23.76, "price_per_unit": 0.0, "breadcrumbs": "PLP > VET Diäten > Katze > Urinary", "description": "Tierärztliche Diät: entwickelt auf Basis tiermedizinischer Theorie und Praxis STRUVITE DISSOLUTION Die Auflösung vorhandener Struvitsteine wird unterstützt URINE DILUTION Kann das Wiederauftreten von Struvitsteinen verringern"}
{"url": "https://www.fressnapf.de/p/select-gold-medica-hypoallergen-24x85g-pute-1431091/", "product_name": "SELECT GOLD Medica Hypoallergen 24x85g Pute", "brand": "SELECT GOLD", "regular_price": 0.0, "selling_price": 23.76, "price_per_unit": 0.0, "breadcrumbs": "PLP > VET Diäten > Katze > Hypoallergen", "description": "Tierärztliche Diät: entwickelt auf Basis tiermedizinischer Theorie und Praxis Der hohe Gehalt an essentiellen Fettsäuren kann zu einer Normalisierung der Hautgesundheit beitragen Für Katzen mit Futtermittelintoleranzen oder Futtermittelallergien"}
{"url": "https://www.fressnapf.de/p/select-gold-medica-diabetes-24x85g-1431096/", "product_name": "SELECT GOLD Medica Diabetes 24x85g", "brand": "SELECT GOLD", "regular_price": 0.0, "selling_price": 23.76, "price_per_unit": 0.0, "breadcrumbs": "PLP > VET Diäten > Katze > Diabetes", "description": "REGULATED BLOOD GLUCOSE Der niedrige Anteil an komplexen Kohlenhydraten sorgt für eine langsame Glucosefreisetzung Tierärztliche Diät: entwickelt auf Basis tiermedizinischer Theorie und Praxis Zur unterstützenden Behandlung von Diabetes Mellitus"}
{"url": "https://www.fressnapf.de/p/select-gold-medica-nierendiaet-24x85g-huhn-1425071/", "product_name": "SELECT GOLD Medica Nierendiät 24x85g Huhn", "brand": "SELECT GOLD", "regular_price": 0.0, "selling_price": 23.76, "price_per_unit": 0.0, "breadcrumbs": "PLP > VET Diäten > Katze > Nierendiät", "description": "Tierärztliche Diät: entwickelt auf Basis tiermedizinischer Theorie und Praxis LOW PHOSPHORUS Niedriger Phosphorgehalt zur Entlastung der Nieren REDUCED PROTEIN Angepasster Proteingehalt zur Entlastung der Nieren"}
{"url": "https://www.fressnapf.de/p/favly-petfood-pure-bites-pferd-360-g-1690414/", "product_name": "FAVLY Petfood PURE Bites Pferd 360 g", "brand": "FAVLY Petfood Snacks", "regular_price": 0.0, "selling_price": 23.9, "price_per_unit": 0.0, "breadcrumbs": "Hund > Hundefutter > Snacks", "description": "perfekt zum Training - fetten & bröseln nicht hypoallergen & Monoprotein - für Allergiker geeignet hoher Fleischanteil, getreidefrei & frei von Zusätzen"}
{"url": "https://www.fressnapf.de/p/favly-petfood-pure-bites-ente-360-g-1690416/", "product_name": "FAVLY Petfood PURE Bites Ente 360 g", "brand": "FAVLY Petfood Snacks", "regular_price": 0.0, "selling_price": 23.9, "price_per_unit": 0.0, "breadcrumbs": "Hund > Hundefutter > Snacks", "description": "perfekt zum Training - fetten & bröseln nicht hypoallergen & monoprotein - für Allergiker geeignet hoher Fleischanteil, getreidefrei & frei von Zusätzen"}
{"url": "https://www.fressnapf.de/p/nutriqm-tastyness-6x500g-lachs--huhn-1713491/", "product_name": "NutriQM Tastyness² 6x500g Lachs & Huhn", "brand": "NutriQM Trockenfutter", "regular_price": 0.0, "selling_price": 23.94, "price_per_unit": 0.0, "breadcrumbs": "Katze > Katzenfutter > Trockenfutter", "description": "Extra hoher Fleischanteil mit 75 % Akzeptanz-Garantie durch feine Fleischwürfel vom Huhn Getreidefrei"}
{"url": "https://www.fressnapf.de/p/i-love-my-cat-sparset-fuer-katzen-mit-ibd---nassfutter-mit-insekten--immun-pulver--jutebeutel-1767181/", "product_name": "I love my cat Sparset für Katzen mit IBD - Nassfutter mit Insekten + Immun Pulver + Jutebeutel", "brand": "I love my cat Ergänzungsfutter & Aufzucht", "regular_price": 0.0, "selling_price": 23.99, "price_per_unit": 0.0, "breadcrumbs": "Katze > Katzenfutter > Ergänzungsfutter & Aufzucht", "description": "Leicht verdauliche und hypoallergene Ernährung Unterstützung des Immunsystems Umfassendes Sparset"}
{"url": "https://www.fressnapf.de/p/vitakraft-naturals-liquid-snack-rind-11x5-stueck-1780502/", "product_name": "Vitakraft Naturals Liquid Snack Rind 11x5 Stück", "brand": "Vitakraft Snacks", "regular_price": 0.0, "selling_price": 23.99, "price_per_unit": 0.0, "breadcrumbs": "Katze > Katzenfutter > Snacks", "description": "100% Natural Snack Cremiger Verwöhnsnack Mit echten Fleischstückchen vom Rind"}
{"url": "https://www.fressnapf.de/p/miamor-feine-filets-huhn--thunfisch-in-sauce-24x100g-1832541/", "product_name": "Miamor Feine Filets Huhn & Thunfisch in Sauce 24x100g", "brand": "Miamor Nassfutter", "regular_price": 0.0, "selling_price": 23.99, "price_per_unit": 0.0, "breadcrumbs": "Katze > Katzenfutter > Nassfutter", "description": "Ohne Leber und Innereien Reduzierter Fettgehalt Ohne Getreide, Zusatz von künstlichen Aromen & Konservierungsstoffen"}
{"url": "https://www.fressnapf.de/p/miamor-feine-filets-nassfutter-katze-adult-in-sauce-24x100-g-huhn-1832540/", "product_name": "Miamor Feine Filets Nassfutter Katze Adult in Sauce 24x100 g Huhn", "brand": "Miamor Nassfutter", "regular_price": 0.0, "selling_price": 23.99, "price_per_unit": 0.0, "breadcrumbs": "Katze > Katzenfutter > Nassfutter", "description": "Softe Konsistenz für einfaches Servieren Ohne Leber und Innereien, ohne tierische Nebenerzeugnisse Reduzierter Fettgehalt, deshalb auch bei Übergewicht, Bewegungsarmut und für Katzensenioren"}
{"url": "https://www.fressnapf.de/p/select-gold-digestion-senior-gefluegel-und-reis-25kg-1407036/", "product_name": "SELECT GOLD Digestion Senior Geflügel und Reis 2,5kg", "brand": "SELECT GOLD Trockenfutter", "regular_price": 0.0, "selling_price": 23.99, "price_per_unit": 0.0, "breadcrumbs": "Katze > Katzenfutter > Trockenfutter", "description": "Mit Hühnerfrischfleisch Optimale Verdauung Weizenfreie Rezeptur"}
{"url": "https://www.fressnapf.de/p/animonda-vom-feinsten-adult-snack-cream-11x6x15-g-huhn--katzengras-1693891/", "product_name": "animonda Vom Feinsten Adult Snack-Cream 11x6x15 g Huhn & Katzengras", "brand": "animonda Snacks", "regular_price": 0.0, "selling_price": 23.99, "price_per_unit": 0.0, "breadcrumbs": "Katze > Katzenfutter > Snacks", "description": "einzigartiger Genuss praktische Einzelportionen - für frischen Schleck-Genuss jeden Tag mit ausgewählten, fleischlichen Zutaten"}
{"url": "https://www.fressnapf.de/p/naturally-good-veggies-snack-cream-suesskartoffel-und-tomate-11x90-g-1623213/", "product_name": "Naturally Good Veggies Snack Cream Süßkartoffel und Tomate 11x90 g", "brand": "Naturally Good Snacks", "regular_price": 0.0, "selling_price": 24.09, "price_per_unit": 0.0, "breadcrumbs": "Katze > Katzenfutter > Snacks", "description": "Vegetarische Rezeptur Ohne Zusatz von Zucker, Farb- & Aromastoffen Super creamy"}
{"url": "https://www.fressnapf.de/p/bellfor-hundefutter-nass-mit-insekten-fuer-welpen---landgut-menue-junior---6x400g-1767085/", "product_name": "Bellfor Hundefutter Nass mit Insekten für Welpen - Landgut-Menü Junior - 6x400g", "brand": "Bellfor Hundenassfutter", "regular_price": 0.0, "selling_price": 24.14, "price_per_unit": 0.0, "breadcrumbs": "Hund > Hundefutter > Hundenassfutter", "description": "Getreidefreie Rezeptur aus natürlichen Zutaten Mit Insekten als hypoallergene Proteinquelle Sorgfältig abgestimmte Nährstoffzusammensetzung"}
{"url": "https://www.fressnapf.de/p/annimally-leinoel-5l-1721751/", "product_name": "Annimally Leinöl 5L", "brand": "Annimally Ergänzungsfutter & Aufzucht", "regular_price": 0.0, "selling_price": 24.85, "price_per_unit": 0.0, "breadcrumbs": "Hund > Hundefutter > Ergänzungsfutter & Aufzucht", "description": ""}
{"url": "https://www.fressnapf.de/p/puja-snacks-vitality-body--skin--teeth-fuer-katzen-im-dreierpack-450g-1938850/", "product_name": "PUJA Snacks Vitality Body + Skin + Teeth für Katzen im Dreierpack 450g", "brand": "PUJA Snacks", "regular_price": 0.0, "selling_price": 24.9, "price_per_unit": 0.0, "breadcrumbs": "Katze > Katzenfutter > Snacks", "description": "FÜR GESUNDE ZÄHNE, VERDAUUNG & FRISCHEN ATEM, GLÄNZENDES FELL & SCHÖNE HAUT UNTERSTÜTZT EIN STARKES IMMUNSYSTEM REICH AN HUHN, FISCH, BRAUNALGE & PFEFFERMINZE, WICHTIGEM BIOTIN, EPA & DHA + VIELEN WICHTIGEN VITAMINEN"}
{"url": "https://www.fressnapf.de/p/reavet-afrikanische-teufelskralle-500g-1713392/", "product_name": "REAVET Afrikanische Teufelskralle 500g", "brand": "REAVET Ergänzungsfutter & Aufzucht", "regular_price": 0.0, "selling_price": 24.9, "price_per_unit": 0.0, "breadcrumbs": "Hund > Hundefutter > Ergänzungsfutter & Aufzucht", "description": "Mehr Mobilität für Gelenke, Bänder und Sehnen Unterstützt den Gelenkstoffwechsel Mehr Bewegungsfreude"}
{"url": "https://www.fressnapf.de/p/tierplus--gruenlippmuschel-gelenktabs-1842005/", "product_name": "TierPlus ® Grünlippmuschel Gelenktabs", "brand": "TierPlus Ergänzungsfutter & Aufzucht", "regular_price": 0.0, "selling_price": 24.95, "price_per_unit": 0.0, "breadcrumbs": "Hund > Hundefutter > Ergänzungsfutter & Aufzucht", "description": "Grünlippmuschel für Hunde, Katzen, Pferde Mit MSM, Ingwer, Chondroitin, Glucosamin, Teufelskralle Hohe Fressakzeptanz und leichte Dosierung"}
{"url": "https://www.fressnapf.de/p/bellfor-shiimun-immun-pulver-fuer-hunde-und-katzen-mit-shiitake---120g-1767048/", "product_name": "Bellfor Shiimun Immun Pulver für Hunde und Katzen mit Shiitake - 120g", "brand": "Bellfor Ergänzungsfutter & Aufzucht", "regular_price": 0.0, "selling_price": 24.99, "price_per_unit": 0.0, "breadcrumbs": "Hund > Hundefutter > Ergänzungsfutter & Aufzucht", "description": "Reich an wertvollen Nährstoffen Mit gemahlenem Shiitake Ohne künstliche Zusätze"}
{"url": "https://www.fressnapf.de/p/bellfor-shiimun-skin-pulver-fuer-hunde-und-katzen-mit-shiitake---120g-1767047/", "product_name": "Bellfor Shiimun Skin Pulver für Hunde und Katzen mit Shiitake - 120g", "brand": "Bellfor Ergänzungsfutter & Aufzucht", "regular_price": 0.0, "selling_price": 24.99, "price_per_unit": 0.0, "breadcrumbs": "Hund > Hundefutter > Ergänzungsfutter & Aufzucht", "description": "Verleiht dem Fell Ihres Hunde und Katzen neuen Glanz Mit Shiitake und anderen hochwertigen natürlichen Zutaten Frei von künstlichen Inhaltsstoffen"}
{"url": "https://www.fressnapf.de/p/dr-clauders-high-premium-outdoor-4-kg-1380450/", "product_name": "Dr. Clauder's High Premium Outdoor 4 kg", "brand": "Dr. Clauder's Trockenfutter", "regular_price": 0.0, "selling_price": 24.99, "price_per_unit": 0.0, "breadcrumbs": "Katze > Katzenfutter > Trockenfutter", "description": "Hoher Eiweißgehalt: Ideal für aktive Freigänger-Katzen. Omega-Fettsäuren: Unterstützt gesunde Haut und glänzendes Fell. Weizenfrei: Ohne Weizen und Konservierungsmittel – perfekt für empfindliche Katzen."}
{"url": "https://www.fressnapf.de/p/dr-clauders-high-premium-indoor-4-kg-1354369/", "product_name": "Dr. Clauder's High Premium Indoor 4 kg", "brand": "Dr. Clauder's Trockenfutter", "regular_price": 0.0, "selling_price": 24.99, "price_per_unit": 0.0, "breadcrumbs": "Katze > Katzenfutter > Trockenfutter", "description": "Leicht verdaulich: Ideal für Hauskatzen und ruhigere Tiere. Omega-Fettsäuren: Unterstützt gesunde Haut und glänzendes Fell. Weizenfrei: Ohne Weizen und Konservierungsmittel – für eine natürliche Ernährung."}
{"url": "https://www.fressnapf.de/p/bellfor-shiimun-calm-pulver-fuer-hunde-und-katzen-mit-shiitake---120g-1767045/", "product_name": "Bellfor Shiimun Calm Pulver für Hunde und Katzen mit Shiitake - 120g", "brand": "Bellfor Ergänzungsfutter & Aufzucht", "regular_price": 0.0, "selling_price": 24.99, "price_per_unit": 0.0, "breadcrumbs": "Hund > Hundefutter > Ergänzungsfutter & Aufzucht", "description": "Mit Shiitake und anderen ausgewählten natürlichen Zutaten Einfache Dosierung und gute Verträglichkeit Ohne künstliche Zusätze"}
{"url": "https://www.fressnapf.de/p/marsapet-shiimun-gastro-pulver-fuer-hunde-und-katzen-mit-shiitake---120g-1767046/", "product_name": "Marsapet Shiimun Gastro Pulver für Hunde und Katzen mit Shiitake - 120g", "brand": "Marsapet Ergänzungsfutter & Aufzucht", "regular_price": 0.0, "selling_price": 24.99, "price_per_unit": 0.0, "breadcrumbs": "Hund > Hundefutter > Ergänzungsfutter & Aufzucht", "description": "Hohe Bekömmlichkeit Leicht zu dosieren Frei von künstlichen Inhaltsstoffen"}
{"url": "https://www.fressnapf.de/p/i-love-my-cat-shiimun-vitalizer-pulver-fuer-katzen---120g-1767099/", "product_name": "I love my cat Shiimun Vitalizer Pulver für Katzen - 120g", "brand": "I love my cat Ergänzungsfutter & Aufzucht", "regular_price": 0.0, "selling_price": 24.99, "price_per_unit": 0.0, "breadcrumbs": "Hund > Hundefutter > Ergänzungsfutter & Aufzucht", "description": "Zur Unterstützung der Fertilität Für vitale Katzensenioren Für leistungsfähige und aktive Katzen"}
{"url": "https://www.fressnapf.de/p/dr-clauders-drclauders-high-premium-sterilised-senior-light-4-kg-1354372/", "product_name": "Dr. Clauder's Dr.Clauder's High Premium Sterilised Senior Light 4 kg", "brand": "Dr. Clauder's Trockenfutter", "regular_price": 0.0, "selling_price": 24.99, "price_per_unit": 0.0, "breadcrumbs": "Katze > Katzenfutter > Trockenfutter", "description": "Angepasster Energiegehalt: Ideal für ältere und sterilisierte Katzen. Gut verdaulich: Geflügelprotein und Taurin unterstützen eine optimale Verdauung. Weizenfrei: Ohne Weizen – perfekt für empfindliche Katzen."}
{"url": "https://www.fressnapf.de/p/lilys-kitchen-lachs-treats-2x60g-10x60-g-1917037/", "product_name": "LILY'S KITCHEN Lachs Treats 2x60g 10x60 g", "brand": "LILY'S KITCHEN Snacks", "regular_price": 0.0, "selling_price": 24.99, "price_per_unit": 0.0, "breadcrumbs": "Katze > Katzenfutter > Snacks", "description": "hergestellt mit echtem Fleisch und Fisch, Natürliche Zutaten getreidefreie Rezeptur, ohne Zuckerzusatz außen knusprig, innen weich"}
{"url": "https://www.fressnapf.de/p/lilys-kitchen-chicken-treats-fuer-katzen-10x60-g-1917036/", "product_name": "LILY'S KITCHEN Chicken Treats für Katzen 10x60 g", "brand": "LILY'S KITCHEN Snacks", "regular_price": 0.0, "selling_price": 24.99, "price_per_unit": 0.0, "breadcrumbs": "Katze > Katzenfutter > Snacks", "description": "hergestellt mit echtem Fleisch und Fisch, Natürliche Zutaten getreidefreie Rezeptur, Ohne Zuckerzusatz außen knusprig, innen weich"}
{"url": "https://www.fressnapf.de/p/sheba-beutel-creamy-snacks-huhn-44x12-g-1654723/", "product_name": "Sheba Beutel Creamy Snacks Huhn 44x12 g", "brand": "Sheba Snacks", "regular_price": 0.0, "selling_price": 24.99, "price_per_unit": 0.0, "breadcrumbs": "Katze > Katzenfutter > Snacks", "description": "SHEBA® Creamy Snacks sind cremige Leckerlis. Vielseitig einsetzbar als Snack für einen besonderen Moment oder als Topping. Ein 12g Beutel SHEBA® Creamy Snacks enthält weniger als 3% Fett"}
{"url": "https://www.fressnapf.de/p/dr-clauders-best-selection-sterilised-no-34-huhn--lachs-mit-algen---16x-85g-1373618/", "product_name": "Dr. Clauder's Best Selection Sterilised No 34 Huhn & Lachs mit Algen - 16x 85g", "brand": "Dr. Clauder's Nassfutter", "regular_price": 0.0, "selling_price": 25.44, "price_per_unit": 0.0, "breadcrumbs": "Katze > Katzenfutter > Nassfutter", "description": "Hochwertige Proteine: Huhn und Lachs für eine optimale Nährstoffversorgung. Beruhigende Kamille: Unterstützt die Verdauung und beruhigt den Magen. Ideal für sterilisierte Katzen: Spezielle Formel zur Gewichtskontrolle und Herzgesundheit."}
{"url": "https://www.fressnapf.de/p/dr-clauders-best-selection-no-9-pute--gans-mit-aloe-vera---16x-85g-1354341/", "product_name": "Dr. Clauder's Best Selection No 9 Pute & Gans mit Aloe Vera - 16x 85g", "brand": "Dr. Clauder's Nassfutter", "regular_price": 0.0, "selling_price": 25.44, "price_per_unit": 0.0, "breadcrumbs": "Katze > Katzenfutter > Nassfutter", "description": "Hoher Fleischanteil aus Pute und Gans für beste Akzeptanz Mit Aloe Vera zur Stärkung des Immunsystems Katzengamander für unwiderstehlichen Geschmack"}
{"url": "https://www.fressnapf.de/p/dr-clauders-best-selection-sterilised-no-30-huhn-pur---16x-85g-1354351/", "product_name": "Dr. Clauder's Best Selection Sterilised No 30 Huhn Pur - 16x 85g", "brand": "Dr. Clauder's Nassfutter", "regular_price": 0.0, "selling_price": 25.44, "price_per_unit": 0.0, "breadcrumbs": "Katze > Katzenfutter > Nassfutter", "description": "100% Huhn als Single Protein Mit Katzenminze zur Förderung der Akzeptanz Unterstützt die Verdauung mit Rosmarin"}
{"url": "https://www.fressnapf.de/p/dr-clauders-best-selection-sterilised-no-33-huhn--ente-mit-algen---16x-85g-1354354/", "product_name": "Dr. Clauder's Best Selection Sterilised No 33 Huhn & Ente mit Algen - 16x 85g", "brand": "Dr. Clauder's Nassfutter", "regular_price": 0.0, "selling_price": 25.44, "price_per_unit": 0.0, "breadcrumbs": "Katze > Katzenfutter > Nassfutter", "description": "Reich an Vitaminen: Huhn und Ente liefern wichtige Vitamine und Mineralstoffe. Beruhigende Kamille: Unterstützt die Verdauung und beruhigt den Magen. Ideal für Sterilisierte: Spezielle Formel zur Gewichtskontrolle und Herzgesundheit."}
{"url": "https://www.fressnapf.de/p/dr-clauders-best-selection-no-2-kalb-mit-apfel---16x-85g-1354334/", "product_name": "Dr. Clauder's Best Selection No 2 Kalb mit Apfel - 16x 85g", "brand": "Dr. Clauder's Nassfutter", "regular_price": 0.0, "selling_price": 25.44, "price_per_unit": 0.0, "breadcrumbs": "Katze > Katzenfutter > Nassfutter", "description": "Single-Protein Kalb - Hochwertiges Protein, ideal für empfindliche Katzen. Apfel für Zahnpflege - Unterstützt die Zahngesundheit natürlich. Distelöl für gesunde Haut - Fördert glänzendes Fell und gesunde Haut."}
{"url": "https://www.fressnapf.de/p/dr-clauders-best-selection-no-5-huhn--thunfisch-mit-spinat---16x-85g-1354337/", "product_name": "Dr. Clauder's Best Selection No 5 Huhn & Thunfisch mit Spinat - 16x 85g", "brand": "Dr. Clauder's Nassfutter", "regular_price": 0.0, "selling_price": 25.44, "price_per_unit": 0.0, "breadcrumbs": "Katze > Katzenfutter > Nassfutter", "description": "Hochwertige Proteinquelle: Huhn und Thunfisch für eine gesunde Ernährung. Unterstützt Immunsystem: Spinat stärkt Zellen und Immunabwehr. Fördert Verdauung: Katzengamander für einen gesunden Darm-Trakt."}
{"url": "https://www.fressnapf.de/p/dr-clauders-best-selection-kitten-no-i-feines-huhn---16x-85g-1354345/", "product_name": "Dr. Clauder's Best Selection Kitten No I Feines Huhn - 16x 85g", "brand": "Dr. Clauder's Nassfutter", "regular_price": 0.0, "selling_price": 25.44, "price_per_unit": 0.0, "breadcrumbs": "Katze > Katzenfutter > Nassfutter", "description": "Hochwertiges Hühnerprotein - Ideal für gesundes Wachstum. Lachsöl für glänzendes Fell - Unterstützt Haut und Fellgesundheit. Calcium aus Eierschalen - Stärkt die Knochen in der Wachstumsphase."}
{"url": "https://www.fressnapf.de/p/dr-clauders-best-selection-no-10-hering--shrimps-mit-chia---16x-85g-1354346/", "product_name": "Dr. Clauder's Best Selection No 10 Hering & Shrimps mit Chia - 16x 85g", "brand": "Dr. Clauder's Nassfutter", "regular_price": 0.0, "selling_price": 25.44, "price_per_unit": 0.0, "breadcrumbs": "Katze > Katzenfutter > Nassfutter", "description": "Reich an Omega-3-Fettsäuren für gesunde Haut und glänzendes Fell Chia-Samen unterstützen das Immunsystem Mit wertvollem Distelöl für eine optimale Pflege"}
{"url": "https://www.fressnapf.de/p/dr-clauders-best-selection-no-4-lachs--huhn-mit-quinoa---16x-85g-1354336/", "product_name": "Dr. Clauder's Best Selection No 4 Lachs & Huhn mit Quinoa - 16x 85g", "brand": "Dr. Clauder's Nassfutter", "regular_price": 0.0, "selling_price": 25.44, "price_per_unit": 0.0, "breadcrumbs": "Katze > Katzenfutter > Nassfutter", "description": "Reich an Superfood: Quinoa liefert essentielle Aminosäuren und Nährstoffe. Fördert Haut & Fell: Lachsöl unterstützt gesunde Haut und glänzendes Fell. Getreidefrei: Ideal für empfindliche Katzen und Allergiker."}
{"url": "https://www.fressnapf.de/p/dr-clauders-best-selection-no-3-lamm--kaninchen-mit-amarant---16x-85g-1354335/", "product_name": "Dr. Clauder's Best Selection No 3 Lamm & Kaninchen mit Amarant - 16x 85g", "brand": "Dr. Clauder's Nassfutter", "regular_price": 0.0, "selling_price": 25.44, "price_per_unit": 0.0, "breadcrumbs": "Katze > Katzenfutter > Nassfutter", "description": "Unterstützt gesunde Knochen und Gewebe – mit Amaranth. Pflegt Haut & Fell: Leinöl fördert gesunde Haut und glänzendes Fell. Optimiert Stoffwechsel: Bockshornklee unterstützt den Stoffwechsel."}
{"url": "https://www.fressnapf.de/p/dr-clauders-best-selection-sterilised-no-31-huhn--pute-mit-algen---16x-85g-1354352/", "product_name": "Dr. Clauder's Best Selection Sterilised No 31 Huhn & Pute mit Algen - 16x 85g", "brand": "Dr. Clauder's Nassfutter", "regular_price": 0.0, "selling_price": 25.44, "price_per_unit": 0.0, "breadcrumbs": "Katze > Katzenfutter > Nassfutter", "description": "Kalorienarm und nährstoffreich für sterilisierte Katzen Unterstützt das Immunsystem mit Algen Hoher Gehalt an Vitaminen und Mineralien"}
{"url": "https://www.fressnapf.de/p/dr-clauders-best-selection-sterilised-no-32-huhn--rind-mit-katzenminze---16x-85g-1354353/", "product_name": "Dr. Clauder's Best Selection Sterilised No 32 Huhn & Rind mit Katzenminze - 16x 85g", "brand": "Dr. Clauder's Nassfutter", "regular_price": 0.0, "selling_price": 25.44, "price_per_unit": 0.0, "breadcrumbs": "Katze > Katzenfutter > Nassfutter", "description": "Hochwertige Proteine: Huhn und Rind für optimale Nährstoffversorgung. Stärkt das Immunsystem: Algen und Kräuter fördern die Gesundheit. Ideal für Sterilisierte: Spezielle Formel zur Gewichtskontrolle und Herzgesundheit."}
{"url": "https://www.fressnapf.de/p/mooiza-pet-zen-forte-gel-1920605/", "product_name": "Mooiza Pet Zen Forte Gel", "brand": "Mooiza Pet Ergänzungsfutter & Aufzucht", "regular_price": 0.0, "selling_price": 25.5, "price_per_unit": 0.0, "breadcrumbs": "Hund > Hundefutter > Ergänzungsfutter & Aufzucht", "description": "Relax-Gel zur Fütterung Mit natürlich beruhigenden Zutaten wie Passionsblume, Mohn-Tinktur, Casein, Vitamin B und L-Tryptohan. Ideal Zuhause oder auf Reisen, bei Feuerwerk, Feiern oder dem Tierarztbesuch. Minimale Dosis (1 ml) als leckeres Nutri-Gel einfach täglich dem Futter oder Snack zufügen."}
{"url": "https://www.fressnapf.de/p/valetumed-anti-zeck-2x-300-g-1803765/", "product_name": "Valetumed Anti Zeck 2x 300 g", "brand": "Valetumed Ergänzungsfutter & Aufzucht", "regular_price": 0.0, "selling_price": 25.89, "price_per_unit": 0.0, "breadcrumbs": "Hund > Hundefutter > Ergänzungsfutter & Aufzucht", "description": "Natürliche Alternative zu chemischen Insektenmitteln Vermindert das Risiko eines Zeckenstichs Antibakteriell wirkender Mix aus Knoblauch und Kräutern"}
{"url": "https://www.fressnapf.de/p/reavet-indische-flohsamen-1kg-1713396/", "product_name": "REAVET Indische Flohsamen 1kg", "brand": "REAVET Ergänzungsfutter & Aufzucht", "regular_price": 0.0, "selling_price": 25.9, "price_per_unit": 0.0, "breadcrumbs": "Hund > Hundefutter > Ergänzungsfutter & Aufzucht", "description": "Gute Verträglichkeit und Akzeptanz Für die tägliche Fütterung geeignet Naturrein – ohne synthetische Zusätze"}
{"url": "https://www.fressnapf.de/p/singulares-biokokosoel-1666314/", "product_name": "Singulares BIOKokosöl", "brand": "Singulares Ergänzungsfutter & Aufzucht", "regular_price": 0.0, "selling_price": 25.95, "price_per_unit": 0.0, "breadcrumbs": "Hund > Hundefutter > Ergänzungsfutter & Aufzucht", "description": "100 % reines Bio-Kokosöl nicht raffiniert, nicht desodoriert, nicht gehärtet, nicht gebleicht Kann durch Anwendung im Fell den Eigengeruch des Tieres positiv beeinträchtigen, wodurch es für Plagegeister nicht mehr so attraktiv wirkt"}
{"url": "https://www.fressnapf.de/p/smoothiecat-mix--lickimat-gruen-1710734/", "product_name": "SmoothieCat Mix + Lickimat Grün", "brand": "SmoothieCat Nassfutter", "regular_price": 0.0, "selling_price": 25.99, "price_per_unit": 0.0, "breadcrumbs": "Katze > Katzenfutter > Nassfutter", "description": "Getreidefrei & glutenfrei Zuckerfrei Ohne künstliche Zusätze"}
{"url": "https://www.fressnapf.de/p/smoothiecat-mix--lickimat-orange-1710733/", "product_name": "SmoothieCat Mix + Lickimat Orange", "brand": "SmoothieCat Nassfutter", "regular_price": 0.0, "selling_price": 25.99, "price_per_unit": 0.0, "breadcrumbs": "Katze > Katzenfutter > Nassfutter", "description": "Getreidefrei & glutenfrei Zuckerfrei Ohne künstliche Zusätze"}
{"url": "https://www.fressnapf.de/p/smoothiecat-6er-huhn--lickimat-orange-1710721/", "product_name": "SmoothieCat 6er Huhn + Lickimat Orange", "brand": "SmoothieCat Nassfutter", "regular_price": 0.0, "selling_price": 25.99, "price_per_unit": 0.0, "breadcrumbs": "Katze > Katzenfutter > Nassfutter", "description": "Getreidefrei & glutenfrei Zuckerfrei Ohne künstliche Zusätze"}
{"url": "https://www.fressnapf.de/p/smoothiecat-6er-huhn--lickimat-gruen-1710722/", "product_name": "SmoothieCat 6er Huhn + Lickimat Grün", "brand": "SmoothieCat Nassfutter", "regular_price": 0.0, "selling_price": 25.99, "price_per_unit": 0.0, "breadcrumbs": "Katze > Katzenfutter > Nassfutter", "description": "Getreidefrei & glutenfrei Zuckerfrei Ohne künstliche Zusätze"}
{"url": "https://www.fressnapf.de/p/i-love-my-cat-sparset-fuer-katzen-mit-pankreatitis-trockenfutter-mit-insektenprotein-shiimun-gastro-1767174/", "product_name": "I love my cat Sparset für Katzen mit Pankreatitis: Trockenfutter mit Insektenprotein +Shiimun Gastro", "brand": "I love my cat Trockenfutter", "regular_price": 0.0, "selling_price": 25.99, "price_per_unit": 0.0, "breadcrumbs": "Katze > Katzenfutter > Trockenfutter", "description": "Hypoallergen durch 84% Insektenprotein Getreidefreie, glutenfreie Zusammensetzung Zur Förderung einer gesunden Verdauung"}
{"url": "https://www.fressnapf.de/p/mjamjam-quetschie-purer-fleischgenuss-12x125-g-kaenguru-1717424/", "product_name": "MjAMjAM Quetschie purer Fleischgenuss 12x125 g Känguru", "brand": "MjAMjAM Nassfutter", "regular_price": 0.0, "selling_price": 25.99, "price_per_unit": 0.0, "breadcrumbs": "Katze > Katzenfutter > Nassfutter", "description": "Ganz ohne Getreide oder Gluten Ohne Zuckerzusatz Ganz ohne synthetische Konservierungsstoffe"}
{"url": "https://www.fressnapf.de/p/josera-festival-5x900-g-1281976/", "product_name": "Josera Festival 5x900 g", "brand": "Josera Hundetrockenfutter", "regular_price": 0.0, "selling_price": 25.99, "price_per_unit": 0.0, "breadcrumbs": "Hund > Hundefutter > Hundetrockenfutter", "description": "Extra viel Geschmack durch köstliches Soßenpulver Versorgt auch aktive Hunde mit reichlich Energie Enthält wertvolle Fettsäuren für ein gesundes Aussehen und schönes Fell, unterstützt zudem Gelenke und den Knochenbau"}
{"url": "https://www.fressnapf.de/p/dr-clauders-best-filet-no-20-thunfisch-mit-reis---12x-100g-1897863/", "product_name": "Dr. Clauder's Best Filet No. 20 Thunfisch mit Reis - 12x 100g", "brand": "Dr. Clauder's Nassfutter", "regular_price": 0.0, "selling_price": 26.28, "price_per_unit": 0.0, "breadcrumbs": "Katze > Katzenfutter > Nassfutter", "description": "Reich an Omega-3: Unterstützt das Immunsystem und fördert die Gesundheit. Kalorienarm: Ideal als gesunder Snack oder Belohnung zwischendurch. Ohne Zusatzstoffe: Frei von Konservierungsmitteln und Geschmacksverstärkern."}
{"url": "https://www.fressnapf.de/p/dr-clauders-best-filet-no-24-haehnchen--ente-topping--reis---12x-100g-1897866/", "product_name": "Dr. Clauder's Best Filet No. 24 Hähnchen + Ente Topping + Reis - 12x 100g", "brand": "Dr. Clauder's Nassfutter", "regular_price": 0.0, "selling_price": 26.28, "price_per_unit": 0.0, "breadcrumbs": "Katze > Katzenfutter > Nassfutter", "description": "Kalorienarm und eiweißreich: Perfekt für eine gesunde Ernährung Ihrer Katze. Natürliche Zutaten ohne Konservierungsstoffe: Für beste Verträglichkeit und Geschmack. Mit Vitamin B3 und Magnesium: Unterstützt den Stoffwechsel und entspannt die Muskulatur."}
{"url": "https://www.fressnapf.de/p/dr-clauders-best-filet-no-21-thunfisch--haehnchen-topping-und-reis-12x-100g-1897862/", "product_name": "Dr. Clauder's Best Filet No. 21 Thunfisch + Hähnchen Topping und Reis 12x 100g", "brand": "Dr. Clauder's Nassfutter", "regular_price": 0.0, "selling_price": 26.28, "price_per_unit": 0.0, "breadcrumbs": "Katze > Katzenfutter > Nassfutter", "description": "Hoher Proteinanteil und Omega-3-Fettsäuren: Unterstützt das Immunsystem. Kalorienarm und ohne Konservierungsmittel: Ideal als tägliche Belohnung. Vitamin B3 und Taurin: Fördert den Stoffwechsel und die Gesundheit Ihrer Katze."}
{"url": "https://www.fressnapf.de/p/dr-clauders-best-filet-no-25-haehnchen--rind-topping--reis-12x-100g-1897867/", "product_name": "Dr. Clauder's Best Filet No. 25 Hähnchen + Rind Topping + Reis 12x 100g", "brand": "Dr. Clauder's Nassfutter", "regular_price": 0.0, "selling_price": 26.28, "price_per_unit": 0.0, "breadcrumbs": "Katze > Katzenfutter > Nassfutter", "description": "Kalorienarm und eiweißreich: Perfekt für eine gesunde Ernährung Ihrer Katze. Natürliche Zutaten ohne Konservierungsstoffe: Für beste Verträglichkeit und Geschmack. Mit Vitamin B3 und Eisen: Unterstützt den Stoffwechsel und bietet wertvolle Nährstoffe."}
{"url": "https://www.fressnapf.de/p/dr-clauders-best-filet-no-22-thunfisch--shrimp-topping--reis---12x-100g-1897864/", "product_name": "Dr. Clauder's Best Filet No. 22 Thunfisch + Shrimp Topping + Reis - 12x 100g", "brand": "Dr. Clauder's Nassfutter", "regular_price": 0.0, "selling_price": 26.28, "price_per_unit": 0.0, "breadcrumbs": "Katze > Katzenfutter > Nassfutter", "description": "Kalorienarm und proteinreich: Perfekt für eine gesunde Ernährung Ihrer Katze. Enthält Omega-3-Fettsäuren: Unterstützt das Immunsystem und fördert die Gesundheit. Natürliche Zutaten ohne Konservierungsstoffe: Für beste Verträglichkeit und Geschmack."}
{"url": "https://www.fressnapf.de/p/dr-clauders-best-filet-no-23-haehnchenbrust-mit-reis-in-sosse---12x-100g-1897865/", "product_name": "Dr. Clauder's Best Filet No. 23 Hähnchenbrust mit Reis in Soße - 12x 100g", "brand": "Dr. Clauder's Nassfutter", "regular_price": 0.0, "selling_price": 26.28, "price_per_unit": 0.0, "breadcrumbs": "Katze > Katzenfutter > Nassfutter", "description": "Kalorienarm und eiweißreich: Perfekt für eine gesunde Ernährung Ihrer Katze. Natürliche Zutaten ohne Konservierungsstoffe: Für beste Verträglichkeit und Geschmack. Mit Vitamin B3 angereichert: Unterstützt den Stoffwechsel und fördert die Vitalität."}
{"url": "https://www.fressnapf.de/p/dr-clauders-intestinal-diaet---12x-200g-1285075/", "product_name": "Dr. Clauder's Intestinal Diät - 12x 200g", "brand": "Dr. Clauder's Nassfutter", "regular_price": 0.0, "selling_price": 26.28, "price_per_unit": 0.0, "breadcrumbs": "Katze > Katzenfutter > Nassfutter", "description": "Unterstützt die Verdauung - Ideal bei unzureichender Verdauung und Darmproblemen. Leicht verdaulich - Fördert die Genesung nach Magen-Darm-Erkrankungen. Hochwertige Zutaten - Enthält wichtige Nährstoffe und Vitamine."}
{"url": "https://www.fressnapf.de/p/hypoallergen-diaet---12x-200g-1329348/", "product_name": "Hypoallergen Diät - 12x 200g", "brand": "Hilfe & FAQ", "regular_price": 0.0, "selling_price": 26.28, "price_per_unit": 0.0, "breadcrumbs": "Katze > Katzenfutter > Nassfutter", "description": "Reduziert Futterunverträglichkeiten - Ideal für Katzen mit speziellen Ernährungsbedürfnissen. Essentielle Nährstoffe - Reich an Omega-3 und Omega-6 Fettsäuren. Hochwertige Zutaten - Enthält Lachs und Borretschöl für beste Verträglichkeit."}
{"url": "https://www.fressnapf.de/p/anti-struvit-diaet---12x-200g-1290402/", "product_name": "Anti Struvit Diät - 12x 200g", "brand": "Hilfe & FAQ", "regular_price": 0.0, "selling_price": 26.28, "price_per_unit": 0.0, "breadcrumbs": "Katze > Katzenfutter > Nassfutter", "description": "Verhindert Struvitsteine - Speziell entwickelte Formel zur Reduzierung von Struvitsteinen. Harnsäuernde Eigenschaften - Unterstützt die Auflösung von Struvitsteinen. Vitamine und Mineralstoffe - Fördert die Gesundheit Ihrer Katze."}
{"url": "https://www.fressnapf.de/p/nd-farmina-pumpkin-adult-hirsch-15-kg-1277707/", "product_name": "N&D Farmina Pumpkin Adult Hirsch 1,5 kg", "brand": "N&D Farmina Trockenfutter", "regular_price": 0.0, "selling_price": 26.49, "price_per_unit": 0.0, "breadcrumbs": "Katze > Katzenfutter > Trockenfutter", "description": "Natürlicher & leckerer Kürbis Langlebige, hochwertige Vitamine 96% Proteine tierischen Ursprungs"}
{"url": "https://www.fressnapf.de/p/yarrah-adult-bio-trockenfutter-24-kg-huhn-1296984/", "product_name": "Yarrah Adult Bio Trockenfutter 2,4 kg Huhn", "brand": "Yarrah Trockenfutter", "regular_price": 0.0, "selling_price": 26.49, "price_per_unit": 0.0, "breadcrumbs": "Katze > Katzenfutter > Trockenfutter", "description": "Bio - frei von Zusatzstoffen & Pestidziden Leicht verdauliche Proteine Für ausgewachsene Katzen"}
{"url": "https://www.fressnapf.de/p/reavet-denta-vital-pulver-300g-1713423/", "product_name": "REAVET Denta Vital Pulver 300g", "brand": "REAVET Ergänzungsfutter & Aufzucht", "regular_price": 0.0, "selling_price": 26.9, "price_per_unit": 0.0, "breadcrumbs": "Hund > Hundefutter > Ergänzungsfutter & Aufzucht", "description": "reinigung und Pflege von Zähnen & Zahnfleisch Unterstützend bei Maulgeruch & Mundhygiene Plaque- und Zahnsteinbildung werden verringert"}
{"url": "https://www.fressnapf.de/p/i-love-my-cat-futterset-fuer-katzen-mit-giardien-1838756/", "product_name": "I love my cat Futterset für Katzen mit Giardien", "brand": "I love my cat Nassfutter", "regular_price": 0.0, "selling_price": 26.99, "price_per_unit": 0.0, "breadcrumbs": "Katze > Katzenfutter > Nassfutter", "description": "Artgerechte Ernährung: Unser natürliches Katzenfutter punktet mit einem unwiderstehlichen Geschmack und versorgt Ihren Vierbeiner bedarfsgerecht mit allen wichtigen Nährstoffen"}
{"url": "https://www.fressnapf.de/p/i-love-my-cat-sparset-fuer-katzen-mit-futtermittelallergie---127-kg-1767175/", "product_name": "I love my cat Sparset für Katzen mit Futtermittelallergie - 1,27 kg", "brand": "I love my cat Ergänzungsfutter & Aufzucht", "regular_price": 0.0, "selling_price": 26.99, "price_per_unit": 0.0, "breadcrumbs": "Katze > Katzenfutter > Ergänzungsfutter & Aufzucht", "description": "Hypoallergen durch 84% Insektenprotein Sorgfältig abgestimmte Zusammensetzung Frei von künstlichen Zusätzen"}
{"url": "https://www.fressnapf.de/p/i-love-my-cat-sparset-insektenprotein-fuer-katzen---trocken--und-nassfutter-mit-insekten--jutebeutel-1767185/", "product_name": "I love my cat Sparset Insektenprotein für Katzen - Trocken- und Nassfutter mit Insekten + Jutebeutel", "brand": "I love my cat Nassfutter", "regular_price": 0.0, "selling_price": 26.99, "price_per_unit": 0.0, "breadcrumbs": "Katze > Katzenfutter > Nassfutter", "description": "Umweltfreundliches Katzenfutter Hochwertiges und nährstoffreiches Eiweiß Hypoallergen und nierenverträglich"}
{"url": "https://www.fressnapf.de/p/dr-clauders-drclauders-high-premium-adult-grainfree-4-kg-1354371/", "product_name": "Dr. Clauder's Dr.Clauder's High Premium Adult Grainfree 4 kg", "brand": "Dr. Clauder's Trockenfutter", "regular_price": 0.0, "selling_price": 26.99, "price_per_unit": 0.0, "breadcrumbs": "Katze > Katzenfutter > Trockenfutter", "description": "Getreidefrei für empfindliche Katzen. Hoher Fleischanteil für besten Geschmack. Mit Taurin für Herz und Sehkraft."}
{"url": "https://www.fressnapf.de/p/dr-clauders-high-premium-kitten-1383475/", "product_name": "Dr. Clauder's High Premium Kitten", "brand": "Dr. Clauder's Trockenfutter", "regular_price": 0.0, "selling_price": 26.99, "price_per_unit": 0.0, "breadcrumbs": "Katze > Katzenfutter > Trockenfutter", "description": "Hochwertige Proteinquellen: Unterstützt ein gesundes Wachstum Taurinreich: Fördert die Entwicklung von Kätzchen Ohne Weizen: Perfekt für Kätzchen mit Unverträglichkeiten"}
{"url": "https://www.fressnapf.de/p/filet-snack-makrele---12x-30g-1651145/", "product_name": "Filet Snack Makrele - 12x 30g", "brand": "Hilfe & FAQ", "regular_price": 0.0, "selling_price": 27.0, "price_per_unit": 0.0, "breadcrumbs": "Hund > Hundefutter > Snacks", "description": "100% reines Makrelenfilet – gesunde und natürliche Zwischenmahlzeit. Im eigenen Saft gegart – frei von Konservierungsstoffen und Geschmacksverstärkern. Perfekt für Hunde und Katzen – unwiderstehlicher Snack für zwischendurch."}
{"url": "https://www.fressnapf.de/p/filet-snack-lachs---12x-30g-1651144/", "product_name": "Filet Snack Lachs - 12x 30g", "brand": "Hilfe & FAQ", "regular_price": 0.0, "selling_price": 27.0, "price_per_unit": 0.0, "breadcrumbs": "Hund > Hundefutter > Snacks", "description": "100% reines Lachsfilet – gesunde und natürliche Zwischenmahlzeit. Frei von Konservierungsstoffen – purer Genuss für Hunde und Katzen. Perfekt für zwischendurch – unwiderstehlicher Snack für Ihr Haustier."}
{"url": "https://www.fressnapf.de/p/filet-snack-thunfisch-1651143/", "product_name": "Filet Snack Thunfisch", "brand": "Hilfe & FAQ", "regular_price": 0.0, "selling_price": 27.0, "price_per_unit": 0.0, "breadcrumbs": "Hund > Hundefutter > Snacks", "description": "100% reines Thunfischfilet für eine gesunde Ernährung. Frei von Konservierungsstoffen und Geschmacksverstärkern. Im eigenen Saft gegart für natürlichen Genuss."}
{"url": "https://www.fressnapf.de/p/filet-snack-huehnerbrust---12x-30g-1651146/", "product_name": "Filet Snack Hühnerbrust - 12x 30g", "brand": "Hilfe & FAQ", "regular_price": 0.0, "selling_price": 27.0, "price_per_unit": 0.0, "breadcrumbs": "Hund > Hundefutter > Snacks", "description": "100% reines Hühnerfilet – gesunder und natürlicher Snack. Frei von Konservierungsstoffen – purer Genuss für Hunde und Katzen. Perfekt für zwischendurch – unwiderstehlicher Snack für Ihr Haustier."}
{"url": "https://www.fressnapf.de/p/dr-clauders-best-pearls-no-08-3-sorten-gefluegel---32x-100g-1384059/", "product_name": "Dr. Clauder's Best Pearls No. 08 3 Sorten Geflügel - 32x 100g", "brand": "Dr. Clauder's Nassfutter", "regular_price": 0.0, "selling_price": 27.2, "price_per_unit": 0.0, "breadcrumbs": "Katze > Katzenfutter > Nassfutter", "description": "Drei Sorten Geflügel - Für eine abwechslungsreiche und schmackhafte Ernährung. Reich an Vitaminen - Enthält wichtige Nährstoffe wie Vitamin D3 und E. Hoher Feuchtigkeitsgehalt - Unterstützt die Flüssigkeits"}
{"url": "https://www.fressnapf.de/p/dr-clauders-best-pearls-no-09-gans--leber-in-sosse---32x-100g-1384060/", "product_name": "Dr. Clauder's Best Pearls No. 09 Gans & Leber in Soße - 32x 100g", "brand": "Dr. Clauder's Nassfutter", "regular_price": 0.0, "selling_price": 27.2, "price_per_unit": 0.0, "breadcrumbs": "Katze > Katzenfutter > Nassfutter", "description": "Feine Stückchen mit Gans und Leber in Soße Angereichert mit wichtigen Vitaminen und Mineralstoffen Köstlicher Geschmack für den kleinen Feinschmecker"}
{"url": "https://www.fressnapf.de/p/dr-clauders-best-pearls-no-07-crevetten--kabeljau---32x-100g-1384061/", "product_name": "Dr. Clauder's Best Pearls No. 07 Crevetten & Kabeljau - 32x 100g", "brand": "Dr. Clauder's Nassfutter", "regular_price": 0.0, "selling_price": 27.2, "price_per_unit": 0.0, "breadcrumbs": "Katze > Katzenfutter > Nassfutter", "description": "Leckerer Geschmack - Crevetten und Kabeljau in schmackhafter Soße. Hochwertige Nährstoffe - Reich an Vitaminen und Mineralstoffen. Perfekt für Feinschmecker - Ideal für die tägliche Ernährung Ihrer Katze."}
{"url": "https://www.fressnapf.de/p/dr-clauders-best-selection-multipack-sterilised---3x-510g-1354324/", "product_name": "Dr. Clauder's Best Selection Multipack Sterilised - 3x 510g", "brand": "Dr. Clauder's Nassfutter", "regular_price": 0.0, "selling_price": 27.27, "price_per_unit": 0.0, "breadcrumbs": "Katze > Katzenfutter > Nassfutter", "description": "Speziell für kastrierte Katzen entwickelt Hochwertige Zutaten für langanhaltende Sättigung Optimale Nährstoffzufuhr für ein gesundes Leben"}
{"url": "https://www.fressnapf.de/p/hills-science-plan-mature-adult-7-multipack-huhn-24-x-85-g-1689617/", "product_name": "Hill's SCIENCE PLAN Mature Adult 7+ Multipack Huhn 24 x 85 g", "brand": "Hill's Nassfutter", "regular_price": 31.98, "selling_price": 27.29, "price_per_unit": 13.38, "breadcrumbs": "Katze > Katzenfutter > Nassfutter", "description": "Für die Gesundheit der Nieren und der Blase Unterstützt eine gesunde Haut und gesundes Fell mit Vitamin E, Omega-3- und Omega-6-Fettsäuren Leicht verdauliches Nassfutter für ältere Katzen"}
{"url": "https://www.fressnapf.de/p/mooiza-pet-flex-1916099/", "product_name": "Mooiza Pet Flex", "brand": "Mooiza Pet Ergänzungsfutter & Aufzucht", "regular_price": 0.0, "selling_price": 27.5, "price_per_unit": 0.0, "breadcrumbs": "Hund > Hundefutter > Ergänzungsfutter & Aufzucht", "description": "Gelenk-Snack (Chondroprotector) Mit natürlich aktiven Zutaten wie MSM, Chondroitin, Glucosamin, Kollagen, Kurkuma, Hagebutte und Weidenrinde für starke Gelenke und Beweglichkeit. Als Snack mit Lamm und Kartoffel lecker für den Hund und einfach anzuwenden."}
{"url": "https://www.fressnapf.de/p/i-love-my-cat-futterset-mit-insektenfutter-fuer-ernaehrungssensible-katzen-mit-gewichtsproblemen-1767210/", "product_name": "I love my cat Futterset mit Insektenfutter für ernährungssensible Katzen mit Gewichtsproblemen", "brand": "I love my cat Trockenfutter", "regular_price": 0.0, "selling_price": 27.89, "price_per_unit": 0.0, "breadcrumbs": "Katze > Katzenfutter > Trockenfutter", "description": "Maßgeschneidertes Gewichtsmanagement Hochwertige, hypoallergene Ernährung Kosteneffizient und bequem"}
{"url": "https://www.fressnapf.de/p/favly-petfood-huehnerhaelse-1-kg-1690428/", "product_name": "FAVLY Petfood Hühnerhälse 1 kg", "brand": "FAVLY Petfood Snacks", "regular_price": 0.0, "selling_price": 27.9, "price_per_unit": 0.0, "breadcrumbs": "Hund > Hundefutter > Snacks", "description": "knuspriger Kauspaß splitterfrei & unterstützt die Zahnreinigung luftgetrocknete Premium-Qualität ohne Zusätze"}
{"url": "https://www.fressnapf.de/p/recoactiv--recovery-renal-tonicum-280-ml-1789231/", "product_name": "RECOACTIV ® Recovery Renal Tonicum 280 ml", "brand": "RECOACTIV Ergänzungsfutter & Aufzucht", "regular_price": 0.0, "selling_price": 27.9, "price_per_unit": 0.0, "breadcrumbs": "Katze > Katzenfutter > Ergänzungsfutter & Aufzucht", "description": "Sicherung der Energiezufuhr aufgrund hochkalorischer Rezeptur Entlastung der Nieren durch hochwertige, leicht verdauliche Proteine und reduzierten Phosphorgehalt Bei Appetitlosigkeit und Nahrungsverweigerung aufgrund von Schwäche, Krankheit und/oder Operationen"}
{"url": "https://www.fressnapf.de/p/recoactiv--recovery-immun-tonicum-280-ml-1788560/", "product_name": "RECOACTIV ® Recovery Immun Tonicum 280 ml", "brand": "RECOACTIV Ergänzungsfutter & Aufzucht", "regular_price": 0.0, "selling_price": 27.9, "price_per_unit": 0.0, "breadcrumbs": "Katze > Katzenfutter > Ergänzungsfutter & Aufzucht", "description": "Sicherung der Energiezufuhr aufgrund hochkalorischer Rezeptur Bei Appetitlosigkeit und Nahrungsverweigerung aufgrund von Schwäche, Krankheit und/oder Operationen rleichterung der Nahrungsaufnahme bei Beschwerden im Maul- und Rachenraum"}
{"url": "https://www.fressnapf.de/p/recoactiv--immun-tonicum-3x90ml-1789226/", "product_name": "RECOACTIV ® Immun Tonicum 3x90ml", "brand": "RECOACTIV Ergänzungsfutter & Aufzucht", "regular_price": 0.0, "selling_price": 27.9, "price_per_unit": 0.0, "breadcrumbs": "Katze > Katzenfutter > Ergänzungsfutter & Aufzucht", "description": "Bei allg. Appetitlosigkeit und Nahrungsverweigerung aufgrund von Unwohlsein, Krankheit oder Operationen sowie bei hepatischer Lipidose Bei Untergewicht und zur Steigerung der Aufnahme von Nahrung dank herausragender Akzeptanz Schonende Nahrungsaufnahme bei schmerzhaften Beschwerden im Maul- und Rachenraum durch flüssige Konsistenz"}
{"url": "https://www.fressnapf.de/p/valetumed-ingwer-teufelskralle-2x-200-g-1803768/", "product_name": "Valetumed Ingwer-Teufelskralle 2x 200 g", "brand": "Valetumed Ergänzungsfutter & Aufzucht", "regular_price": 0.0, "selling_price": 27.91, "price_per_unit": 0.0, "breadcrumbs": "Hund > Hundefutter > Ergänzungsfutter & Aufzucht", "description": "Unterstützt die Gesunderhaltung der Gelenke des Hundes Zusätzlich unterstützen die Wirkstoffe das Immunsystem Positive und anregende Effekte auf die Darmfunktion"}
{"url": "https://www.fressnapf.de/p/thunfisch-lachs-creme-mit-karotte---8x-90g-1651141/", "product_name": "Thunfisch Lachs Creme mit Karotte - 8x 90g", "brand": "Hilfe & FAQ", "regular_price": 0.0, "selling_price": 27.92, "price_per_unit": 0.0, "breadcrumbs": "Hund > Hundefutter > Snacks", "description": "Reich an Protein und Eisen für gesunde Ernährung. Karotten für gute Sehkraft und schöne Haut. Cremige Konsistenz für einfachen Genuss."}
{"url": "https://www.fressnapf.de/p/lachs-creme-mit-seetang---8x-90g-1648568/", "product_name": "Lachs Creme mit Seetang - 8x 90g", "brand": "Hilfe & FAQ", "regular_price": 0.0, "selling_price": 27.92, "price_per_unit": 0.0, "breadcrumbs": "Hund > Hundefutter > Snacks", "description": "Reich an Omega-3: Unterstützt das Immunsystem und fördert die Gesundheit. Mit wertvollen Mineralstoffen: Seetang liefert Kalzium, Magnesium und mehr. Praktische Portionierung: Erhältlich im 6x15g Quetschbeutel, perfekt für zwischendurch."}
{"url": "https://www.fressnapf.de/p/makrelen-creme-mit-aloe-vera---8x-90g-1648569/", "product_name": "Makrelen Creme mit Aloe Vera - 8x 90g", "brand": "Hilfe & FAQ", "regular_price": 0.0, "selling_price": 27.92, "price_per_unit": 0.0, "breadcrumbs": "Hund > Hundefutter > Snacks", "description": "Hochwertige Proteinquelle: Makrele liefert wertvolles Eiweiß und Vitamin A. Feuchtigkeitsspendend: Aloe Vera sorgt für eine cremige Konsistenz und spendet Feuchtigkeit. Praktische Verpackung: Ideal für unterwegs, einfach zu handhaben und zu portionieren."}
{"url": "https://www.fressnapf.de/p/haehnchenbrust-creme-mit-petersilie--8x-90g-1648567/", "product_name": "Hähnchenbrust Creme mit Petersilie -8x 90g", "brand": "Hilfe & FAQ", "regular_price": 0.0, "selling_price": 27.92, "price_per_unit": 0.0, "breadcrumbs": "Hund > Hundefutter > Snacks", "description": "Reich an Proteinen: Hochwertige Hähnchenbrust für optimale Nährstoffversorgung. Mit Vitamin C: Petersilie unterstützt das Immunsystem. Praktisch und lecker: Einfacher Quetschbeutel für saubere Handhabung und schmackhaften Genuss."}
{"url": "https://www.fressnapf.de/p/creme-snack-mix-box---8x-90g-1651142/", "product_name": "Creme Snack Mix Box - 8x 90g", "brand": "Hilfe & FAQ", "regular_price": 0.0, "selling_price": 27.92, "price_per_unit": 0.0, "breadcrumbs": "Hund > Hundefutter > Snacks", "description": "Sechs verschiedene Geschmacksrichtungen für mehr Abwechslung. Hoher Protein- und Nährstoffgehalt für gesunde Ernährung. Praktische Quetschbeutel für einfache Handhabung."}
{"url": "https://www.fressnapf.de/p/catlabs-spielzeugset--snack-purrfect-playtime-1767292/", "product_name": "Catlabs Spielzeugset + Snack Purrfect Playtime", "brand": "Catlabs Snacks", "regular_price": 0.0, "selling_price": 27.99, "price_per_unit": 0.0, "breadcrumbs": "Katze > Katzenfutter > Snacks", "description": "100% natürliche Schafwolle für nachhaltige Abwechslung Faire Handarbeit aus einem sozialen Projekt Mit wertvollen Vitaminen und spart Plastik"}
{"url": "https://www.fressnapf.de/p/i-love-my-cat-sparset-fuer-katzen-mit-vermal-pulver-1767130/", "product_name": "I love my cat Sparset für Katzen mit Vermal Pulver", "brand": "I love my cat Hundenassfutter", "regular_price": 0.0, "selling_price": 27.99, "price_per_unit": 0.0, "breadcrumbs": "Hund > Hundefutter > Hundenassfutter", "description": "Schaffung eines wurmfreindlichen Darmmilieus Frei von chemischen Wirkstoffen und gut bekömmlich Auch bei regelmäßiger Gabe keine Entwicklung von Resistenzen"}
{"url": "https://www.fressnapf.de/p/sheba-beutel-creamy-snacks-7x-9x12g-huhn-und-lachs-1706488/", "product_name": "Sheba Beutel Creamy Snacks 7x 9x12g Huhn und Lachs", "brand": "Sheba Snacks", "regular_price": 0.0, "selling_price": 27.99, "price_per_unit": 0.0, "breadcrumbs": "Katze > Katzenfutter > Snacks", "description": "Sheba Creamy Snacks sind cremige Leckerlis Vielseitig einsetzbar als Snack für einen besonderen, gemeinsamen Moment oder als Topping Ohne Zuckerzusatz"}
{"url": "https://www.fressnapf.de/p/josera-kitten-grainfree-fuer-kaetzchen---8x400g-1343781/", "product_name": "Josera Kitten Grainfree für Kätzchen - 8x400g", "brand": "Josera Trockenfutter", "regular_price": 0.0, "selling_price": 27.99, "price_per_unit": 0.0, "breadcrumbs": "Katze > Katzenfutter > Trockenfutter", "description": "Für heranwachsende Katzen sowie Katzen-Mütter in der Trage- und Säugezeit Extraportion leckeres Geflügel für ein überzeugendes Geschmackserlebnis, entspricht etwa 140 g Frischfleisch pro 100 g Trockenfutter Mit wertvollem Lachsöl, leicht verdauliche, getreidefreie Rezeptur"}
{"url": "https://www.fressnapf.de/p/sheba-mega-pack-natures-collection-in-gelee-gefluegel-variation-40-x-85g-1710570/", "product_name": "Sheba Mega-Pack Nature's Collection in Gelee Geflügel Variation 40 x 85g", "brand": "Sheba Nassfutter", "regular_price": 0.0, "selling_price": 27.99, "price_per_unit": 0.0, "breadcrumbs": "Katze > Katzenfutter > Nassfutter", "description": "Hochwertiges Katzenfutter in Gelee, hergestellt aus natürlichen und hochwertigen Zutaten Bietet deiner Samtpfote täglich eine ganzheitliche und ausgewogene Ernährung Hochwertige Zutaten stellen sicher, dass deine Katze genau die Nährstoffe bekommt, die sie braucht"}
{"url": "https://www.fressnapf.de/p/nd-farmina-quinoa-hairball-1662859/", "product_name": "N&D Farmina Quinoa Hairball", "brand": "N&D Farmina Trockenfutter", "regular_price": 0.0, "selling_price": 27.99, "price_per_unit": 0.0, "breadcrumbs": "Katze > Katzenfutter > Trockenfutter", "description": "Ohne Getreide Ohne künstliche Konservierungsstoffe \"Cold Infusion\" Technologie"}
{"url": "https://www.fressnapf.de/p/nd-farmina-quinoa-weight-management-15-kg-1277721/", "product_name": "N&D Farmina Quinoa Weight Management 1,5 kg", "brand": "N&D Farmina Trockenfutter", "regular_price": 0.0, "selling_price": 27.99, "price_per_unit": 0.0, "breadcrumbs": "Katze > Katzenfutter > Trockenfutter", "description": "Ohne Getreide Ohne künstliche Konservierungsstoffe \"Cold Infusion\" Technologie"}
{"url": "https://www.fressnapf.de/p/real-nature-wilderness-fresh-fish-salmon-adult-25-kg-1656325/", "product_name": "REAL NATURE WILDERNESS Fresh Fish Salmon Adult 2,5 kg", "brand": "REAL NATURE Trockenfutter", "regular_price": 0.0, "selling_price": 5.29, "price_per_unit": 0.0, "breadcrumbs": "Katze > Katzenfutter > Trockenfutter", "description": "Besteht aus 70% frischem Fisch, 30% Gemüse und wertvollen Zutaten und 0% Getreidezugabe Ist besonders schmackhaft und bietet eine hohe Akzeptanz Garantiert ohne Zusatz von Zucker, Soja, künstlichen Aromastoffen, Konservierungsmitteln oder Emulgatoren"}
{"url": "https://www.fressnapf.de/p/i-love-my-cat-augenpflege-sparset-fuer-katzen-mit-futtermittelallergie-1767120/", "product_name": "I love my cat Augenpflege-Sparset für Katzen mit Futtermittelallergie", "brand": "I love my cat Hundenassfutter", "regular_price": 0.0, "selling_price": 28.49, "price_per_unit": 0.0, "breadcrumbs": "Hund > Hundefutter > Hundenassfutter", "description": "Hypoallergenes Katzenfutter Ohrenpflege-Tropfen Unterstützung der Nieren"}
{"url": "https://www.fressnapf.de/p/hills-science-plan-sterilised-kitten-huhn-3-kg-1385428/", "product_name": "Hill's Science Plan Sterilised Kitten Huhn 3 kg", "brand": "Hill's Trockenfutter", "regular_price": 37.99, "selling_price": 28.49, "price_per_unit": 9.5, "breadcrumbs": "Katze > Katzenfutter > Trockenfutter", "description": "Köstliche, nahrhafte, leicht verdauliche Zusammensetzung Hilft gesunde Muskeln und eine schlanke Figur zu unterstützen Antioxidantien zur Unterstützung eines gesunden Immunsystems"}
{"url": "https://www.fressnapf.de/p/reavet-gruenlippmuschel-extrakt-500g-1713441/", "product_name": "REAVET Grünlippmuschel Extrakt 500g", "brand": "REAVET Ergänzungsfutter & Aufzucht", "regular_price": 0.0, "selling_price": 28.9, "price_per_unit": 0.0, "breadcrumbs": "Hund > Hundefutter > Ergänzungsfutter & Aufzucht", "description": "100% reines Pulver aus neuseeländischen Muscheln (Perna canaliculus) Besonders hoher Gehalt an Glykosaminoglykane (GAG) Zur Unterstützung der Gelenke"}
{"url": "https://www.fressnapf.de/p/tjure-katze---all-in-one-4-x-220-ml-1722079/", "product_name": "Tjure Katze - All in One 4 x 220 ml", "brand": "Tjure Katzenmilch & Getränke", "regular_price": 0.0, "selling_price": 28.96, "price_per_unit": 0.0, "breadcrumbs": "Katze > Katzenfutter > Katzenmilch & Getränke", "description": "26 % Muskelfleisch 100 % Lebensmittelqualität ideal als Futtertopping"}
{"url": "https://www.fressnapf.de/p/hills-prescription-diet-on-care-mit-huhn-15-kg-1775508/", "product_name": "Hill's Prescription Diet ON-Care mit Huhn 1,5 kg", "brand": "Hill's", "regular_price": 30.4, "selling_price": 28.99, "price_per_unit": 19.33, "breadcrumbs": "PLP > VET Diäten > Katze > Schonkost", "description": "Entwickelt mit einem unwiderstehlichen Geschmack, um den Appetit ab der ersten Portion anzuregen Optimales, kalorienreiches Futter mit leicht verdaulichem Protein zur Erhaltung von Kraft und Energie im Alltag Einzigartige ActivBiome+ Mischung, für ein gesundes Gleichgewicht im Mikrobiom des Magen-Darm-Trakts"}
{"url": "https://www.fressnapf.de/p/delibest-sticks-rind-12x50g-1667271/", "product_name": "DeliBest Sticks Rind 12x50g", "brand": "DeliBest Snacks", "regular_price": 0.0, "selling_price": 29.16, "price_per_unit": 0.0, "breadcrumbs": "Katze > Katzenfutter > Snacks", "description": "Frei von Aroma- und Farbstoffen Ökologisch und schonend getrocknet 85% Fleischanteil"}
{"url": "https://www.fressnapf.de/p/i-love-my-cat-sparset-fuer-savannah-katzen-1767203/", "product_name": "I love my cat Sparset für Savannah Katzen", "brand": "I love my cat Nassfutter", "regular_price": 0.0, "selling_price": 29.23, "price_per_unit": 0.0, "breadcrumbs": "Katze > Katzenfutter > Nassfutter", "description": "Maßgeschneiderte Ernährung Umfassende Pflege Hochwertige Zutaten"}
{"url": "https://www.fressnapf.de/p/i-love-my-cat-sparset-fuer-europaeisch-kurzhaar-1767196/", "product_name": "I love my cat Sparset für Europäisch Kurzhaar", "brand": "I love my cat Nassfutter", "regular_price": 0.0, "selling_price": 29.23, "price_per_unit": 0.0, "breadcrumbs": "Katze > Katzenfutter > Nassfutter", "description": "Maßgeschneiderte Ernährung Umfassende Pflege Hochwertige Zutaten"}
{"url": "https://www.fressnapf.de/p/i-love-my-cat-sparset-fuer-siamkatze-1767204/", "product_name": "I love my cat Sparset für Siamkatze", "brand": "I love my cat Nassfutter", "regular_price": 0.0, "selling_price": 29.23, "price_per_unit": 0.0, "breadcrumbs": "Katze > Katzenfutter > Nassfutter", "description": "Maßgeschneiderte Ernährung Umfassende Pflege Hochwertige Zutaten"}
{"url": "https://www.fressnapf.de/p/dr-clauders-trainee-snack-minis-hirsch---10x-50g-1676518/", "product_name": "Dr. Clauder's Trainee Snack Minis Hirsch - 10x 50g", "brand": "Dr. Clauder's Snacks", "regular_price": 0.0, "selling_price": 29.5, "price_per_unit": 0.0, "breadcrumbs": "Hund > Hundefutter > Snacks", "description": "95% Hirschfleisch – für eine hochwertige und natürliche Ernährung Fördert die Verdauung – durch Inulin (FOS) und wertvolle Mineralstoffe Perfekt für Hunde und Katzen – ideal fürs Training und als Belohnung"}
{"url": "https://www.fressnapf.de/p/recoactiv--herz-tonicum-3x90ml-1789227/", "product_name": "RECOACTIV ® Herz Tonicum 3x90ml", "brand": "RECOACTIV Ergänzungsfutter & Aufzucht", "regular_price": 0.0, "selling_price": 29.8, "price_per_unit": 0.0, "breadcrumbs": "Katze > Katzenfutter > Ergänzungsfutter & Aufzucht", "description": "Unterstützung der Herzfunktion durch einen hohen Gehalt an Taurin (essentielle Aminosulfonsäure) Verbesserung der Herzmuskelkraft durch L-Carnitin, einen wichtigen Baustein des Energiestoffwechsels des Herzmuskels Omega-3-Fettsäuren mit antithrombotischen Eigenschaften unterstützen zusätzlich die Herz- und Kreislaufgesundheit"}
{"url": "https://www.fressnapf.de/p/annimally-barf-oel-xl-1721749/", "product_name": "Annimally Barf Öl XL", "brand": "Annimally Ergänzungsfutter & Aufzucht", "regular_price": 0.0, "selling_price": 29.85, "price_per_unit": 0.0, "breadcrumbs": "Hund > Hundefutter > Ergänzungsfutter & Aufzucht", "description": "Kaltgepresstes Lachs-, Raps-, Hanf-, Borretsch- und Nachtkerzenöl."}
{"url": "https://www.fressnapf.de/p/noms-wohlfuehltabs-fuer-hunde-bei-stress--angst-110g-1832661/", "product_name": "noms+ Wohlfühltabs für Hunde bei Stress & Angst 110g", "brand": "noms+ Ergänzungsfutter & Aufzucht", "regular_price": 0.0, "selling_price": 29.9, "price_per_unit": 0.0, "breadcrumbs": "Hund > Hundefutter > Ergänzungsfutter & Aufzucht", "description": "ideal bei Stress, Angst, Unruhe und Hyperaktivität bewährte Kräuter-Rezeptur mit Baldrian, Passionsblume sowie wertvollen Mineralien und Aminosäuren wie Magnesium und L-Tryptophan natürlich beruhigend ohne müde zu machen"}
{"url": "https://www.fressnapf.de/p/wolfsbacher-natur-bio-bierhefe-500-ml-1678070/", "product_name": "Wolfsbacher Natur Bio Bierhefe 500 ml", "brand": "Wolfsbacher Natur Ergänzungsfutter & Aufzucht", "regular_price": 0.0, "selling_price": 14.9, "price_per_unit": 0.0, "breadcrumbs": "Hund > Hundefutter > Ergänzungsfutter & Aufzucht", "description": "100% BIO QUALITÄT AUS DEUTSCHLAND REICH AN NATÜRLICHEN B-VITAMINEN FLÜSSIGE BIERHEFE ZUR VERBESSERTEN AUFNAHME"}
{"url": "https://www.fressnapf.de/p/bettys-landhauskueche-mit-kaenguru--kartoffel-6-x-800g-fuer-katze-1897046/", "product_name": "Betty's Landhausküche mit Känguru & Kartoffel 6 x 800g für Katze", "brand": "Betty's Landhausküche Nassfutter", "regular_price": 0.0, "selling_price": 29.94, "price_per_unit": 0.0, "breadcrumbs": "Katze > Katzenfutter > Nassfutter", "description": "ohne Zusatz von Farb-, Geschmacks- und Konservierungsstoffen, hohe Bioverfügbarkeit beste Qualität, für alle Katzenrassen geeignet kann ein schönes und gesundes Fell unterstützend, für sensible Tiere geeignet reich an Omega -6-Fettsäurenschonend gegart, gesunder Stoffwechsel dank Taurin, hergestellt in Deutschland"}
{"url": "https://www.fressnapf.de/p/bettys-landhauskueche-huhn--fasan-mit-borretschoel-6-x-800g-fuer-katze-1897045/", "product_name": "Betty's Landhausküche Huhn & Fasan mit Borretschöl 6 x 800g für Katze", "brand": "Betty's Landhausküche Nassfutter", "regular_price": 0.0, "selling_price": 29.94, "price_per_unit": 0.0, "breadcrumbs": "Katze > Katzenfutter > Nassfutter", "description": "ohne Zusatz von Farb-, Geschmacks- und Konservierungsstoffen, hohe Bioverfügbarkeit beste Qualität, für alle Katzenrassen geeignet kann ein schönes und gesundes Fell unterstützend, für sensible Tiere geeignet mit Borretschöl, reich an Omega -6-Fettsäurenschonend gegart, gesunder Stoffwechsel dank Taurin, hergestellt in Deutschland"}
{"url": "https://www.fressnapf.de/p/bettys-landhauskueche-gefluegel-pur--taurin-6-x-800g-fuer-katze-1897048/", "product_name": "Betty's Landhausküche Geflügel pur & Taurin 6 x 800g für Katze", "brand": "Betty's Landhausküche Nassfutter", "regular_price": 0.0, "selling_price": 29.94, "price_per_unit": 0.0, "breadcrumbs": "Katze > Katzenfutter > Nassfutter", "description": "ohne Zusatz von Farb-, Geschmacks- und Konservierungsstoffen, hohe Bioverfügbarkeit beste Qualität, für alle Katzenrassen geeignet kann ein schönes und gesundes Fell unterstützend, für sensible Tiere geeignet reich an Omega -6-Fettsäurenschonend gegart, gesunder Stoffwechsel dank Taurin, hergestellt in Deutschland"}
{"url": "https://www.fressnapf.de/p/noms-gelenkmix-fuer-hunde--katzen-mit-teufelskralle-kurkuma--glucosamin-150g-1920313/", "product_name": "noms+ Gelenkmix für Hunde & Katzen mit Teufelskralle, Kurkuma & Glucosamin 150g", "brand": "noms+ Ergänzungsfutter & Aufzucht", "regular_price": 0.0, "selling_price": 29.95, "price_per_unit": 0.0, "breadcrumbs": "Hund > Hundefutter > Ergänzungsfutter & Aufzucht", "description": "natürliche Stärkung der Gelenke und des Bewegungsapparats bei Gelenkproblemen und für Senioren praktischer Futterzusatz mit natürlichen Inhaltsstoffen, MSM und Hyaluronsäure"}
{"url": "https://www.fressnapf.de/p/noms-wohlfuehlmix-fuer-hunde--katzen-bei-stress--angst-150g-1920314/", "product_name": "noms+ Wohlfühlmix für Hunde & Katzen bei Stress & Angst 150g", "brand": "noms+ Ergänzungsfutter & Aufzucht", "regular_price": 0.0, "selling_price": 29.95, "price_per_unit": 0.0, "breadcrumbs": "Hund > Hundefutter > Ergänzungsfutter & Aufzucht", "description": "ideal bei Stress, Angst, Unruhe und Hyperaktivität praktischer Futterzusatz bewährte Kräuter-Rezeptur mit Baldrian, Passionsblume sowie wertvollen Mineralien und Aminosäuren wie Magnesium und L-Tryptophan"}
{"url": "https://www.fressnapf.de/p/i-love-my-cat-gelenke-und-knochen---30-kapseln-1767073/", "product_name": "I love my cat Gelenke und Knochen - 30 Kapseln", "brand": "I love my cat Ergänzungsfutter & Aufzucht", "regular_price": 0.0, "selling_price": 29.99, "price_per_unit": 0.0, "breadcrumbs": "Katze > Katzenfutter > Ergänzungsfutter & Aufzucht", "description": "Optimale Wirksamkeit dank Ovopet Gemeinsam mit Tierärzten entwickelt Ohne künstliche Zusatzstoffe"}
{"url": "https://www.fressnapf.de/p/the-better-cat-h2miau-hydrationsprodukt-1870587/", "product_name": "The Better Cat H2Miau Hydrationsprodukt", "brand": "The Better Cat Ergänzungsfutter & Aufzucht", "regular_price": 0.0, "selling_price": 29.99, "price_per_unit": 0.0, "breadcrumbs": "Katze > Katzenfutter > Ergänzungsfutter & Aufzucht", "description": "Hydrierendes Nahrungsergänzungsmittel für Katzen Angereichert mit natürlichen Proteinen und Aminosäuren Ideal für Katzen, die wenig trinken oder an heißen Tagen zusätzliche Flüssigkeit benötigen"}
{"url": "https://www.fressnapf.de/p/i-love-my-cat-futterset-fuer-katzen-mit-durchfall---nassfutter--gastro-relax-pulver--jutebeutel-1767187/", "product_name": "I love my cat Futterset für Katzen mit Durchfall - Nassfutter + Gastro Relax Pulver + Jutebeutel", "brand": "I love my cat Nassfutter", "regular_price": 0.0, "selling_price": 29.99, "price_per_unit": 0.0, "breadcrumbs": "Katze > Katzenfutter > Nassfutter", "description": "Maßgeschneiderte Ernährung für eine gesunde Verdauung Natürliche Unterstützung mit Gastro Relax Umfassende Pflege für Ihre Katze"}
{"url": "https://www.fressnapf.de/p/vetlife-farmina-hypoallergenic-schwein-und-kartoffel-15-kg-1662581/", "product_name": "VetLife Farmina Hypoallergenic Schwein und Kartoffel 1,5 kg", "brand": "VetLife", "regular_price": 0.0, "selling_price": 29.99, "price_per_unit": 0.0, "breadcrumbs": "PLP > VET Diäten > Katze > Hypoallergen", "description": "Ausschließlich natürliche Antioxidantien Ohne gentechnisch veränderte Inhaltsstoffe Futter mit niedrigem glykämischen Index"}
{"url": "https://www.fressnapf.de/p/nd-farmina-ocean-kitten-kabeljau-15-kg-1662889/", "product_name": "N&D Farmina Ocean Kitten Kabeljau 1,5 kg", "brand": "N&D Farmina Trockenfutter", "regular_price": 0.0, "selling_price": 29.99, "price_per_unit": 0.0, "breadcrumbs": "Katze > Katzenfutter > Trockenfutter", "description": "Niedriger glykämischer Index Ohne künstliche Konservierungsstoffe \"Cold Infusion\" Technologie"}
{"url": "https://www.fressnapf.de/p/mjamjam-purer-filetgenuss-16x80-g-lachs-1717436/", "product_name": "MjAMjAM Purer Filetgenuss 16x80 g Lachs", "brand": "MjAMjAM Nassfutter", "regular_price": 0.0, "selling_price": 29.99, "price_per_unit": 0.0, "breadcrumbs": "Katze > Katzenfutter > Nassfutter", "description": "Ganz ohne Getreide oder Gluten Ohne Zuckerzusatz Ganz ohne synthetische Konservierungsstoffe"}
{"url": "https://www.fressnapf.de/p/nd-farmina-quinoa-urinary-15-kg-1277720/", "product_name": "N&D Farmina Quinoa Urinary 1,5 kg", "brand": "N&D Farmina Trockenfutter", "regular_price": 0.0, "selling_price": 29.99, "price_per_unit": 0.0, "breadcrumbs": "Katze > Katzenfutter > Trockenfutter", "description": "Ohne Getreide Ohne künstliche Konservierungsstoffe \"Cold Infusion\" Technologie"}
{"url": "https://www.fressnapf.de/p/schesir-adult-thunfisch-mit-seehecht-20x85g-1391435/", "product_name": "Schesir Adult Thunfisch mit Seehecht 20x85g", "brand": "Schesir Nassfutter", "regular_price": 0.0, "selling_price": 29.99, "price_per_unit": 0.0, "breadcrumbs": "Katze > Katzenfutter > Nassfutter", "description": "Die Hauptzutat ist Thunfisch Die Zubereitung rundet ein Seehecht-Topping ab Dampfgegarter und von Hand verarbeiteter Fisch"}
{"url": "https://www.fressnapf.de/p/fortan-dicalciumphosphat-barf-zusatz-15-kg-1711681/", "product_name": "Fortan Dicalciumphosphat BARF Zusatz 1,5 kg", "brand": "Fortan Ergänzungsfutter & Aufzucht", "regular_price": 0.0, "selling_price": 30.0, "price_per_unit": 0.0, "breadcrumbs": "Hund > Hundefutter > Ergänzungsfutter & Aufzucht", "description": "Ausgewogenes Calcium-Phosphor-Verhältnis 1,3:1 Versorgung von Knochengerüst und Zähnen Bedarfsgerechte Versorgung beim Barfen"}
{"url": "https://www.fressnapf.de/p/i-love-my-cat-sparset-fuer-ragdoll-1767201/", "product_name": "I love my cat Sparset für Ragdoll", "brand": "I love my cat Nassfutter", "regular_price": 0.0, "selling_price": 30.13, "price_per_unit": 0.0, "breadcrumbs": "Katze > Katzenfutter > Nassfutter", "description": "Maßgeschneiderte Ernährung Umfassende Pflege Hochwertige Zutaten"}
{"url": "https://www.fressnapf.de/p/i-love-my-cat-sparset-fuer-german-rex-1767197/", "product_name": "I love my cat Sparset für German Rex", "brand": "I love my cat Nassfutter", "regular_price": 0.0, "selling_price": 30.13, "price_per_unit": 0.0, "breadcrumbs": "Katze > Katzenfutter > Nassfutter", "description": "Maßgeschneiderte Ernährung Umfassende Pflege Hochwertige Zutaten"}
{"url": "https://www.fressnapf.de/p/fellicita-huhn--flussbarsch-fleischstreifen-8x-50g-fellonis-katzensnacks-1702029/", "product_name": "Fellicita Huhn & Flussbarsch Fleischstreifen 8x 50g Fellonis Katzensnacks", "brand": "Fellicita Snacks", "regular_price": 0.0, "selling_price": 30.16, "price_per_unit": 0.0, "breadcrumbs": "Katze > Katzenfutter > Snacks", "description": "Echtes Hühnerfleisch und Flussbarsch - Multiprotein Konsistenz: knackig-zart und leicht zu teilen Über Buchenholz geräuchert, getreidefrei, hergestellt in der Schweiz"}
{"url": "https://www.fressnapf.de/p/fellicita-rind-fleischstreifen-8x-50g-fellonis-katzensnacks-1702028/", "product_name": "Fellicita Rind Fleischstreifen 8x 50g Fellonis Katzensnacks", "brand": "Fellicita Snacks", "regular_price": 0.0, "selling_price": 30.16, "price_per_unit": 0.0, "breadcrumbs": "Katze > Katzenfutter > Snacks", "description": "100 % Rindfleisch - Monoprotein Konsistenz: knackig-zart und leicht zu teilen Über Buchenholz geräuchert, getreidefrei, hergestellt in der Schweiz"}
{"url": "https://www.fressnapf.de/p/reavet-ulmenrinde-pulver-220g-1713383/", "product_name": "REAVET Ulmenrinde Pulver 220g", "brand": "REAVET Ergänzungsfutter & Aufzucht", "regular_price": 0.0, "selling_price": 30.9, "price_per_unit": 0.0, "breadcrumbs": "Hund > Hundefutter > Ergänzungsfutter & Aufzucht", "description": "100% Naturprodukt - original amerikanisch! Wohltat für den Magen Zur Entlastung und Regeneration des Verdauungstraktes"}
{"url": "https://www.fressnapf.de/p/reavet-omega-3-lachsoel-kapseln-500stk-1713381/", "product_name": "REAVET Omega-3 Lachsöl Kapseln 500Stk", "brand": "REAVET Ergänzungsfutter & Aufzucht", "regular_price": 0.0, "selling_price": 30.9, "price_per_unit": 0.0, "breadcrumbs": "Hund > Hundefutter > Ergänzungsfutter & Aufzucht", "description": "Besonders reich an Omega-3-Fettsäuren Förderung der normalen Gelenkfunktion Glänzendes Fell und vitale Haut"}
{"url": "https://www.fressnapf.de/p/recoactiv--niere-tomicum-3x90ml-1789228/", "product_name": "RECOACTIV ® Niere Tomicum 3x90ml", "brand": "RECOACTIV Ergänzungsfutter & Aufzucht", "regular_price": 0.0, "selling_price": 30.9, "price_per_unit": 0.0, "breadcrumbs": "Katze > Katzenfutter > Ergänzungsfutter & Aufzucht", "description": "Entlastung der Nieren durch hochwertige Proteine und reduzierten Phosphorgehalt Angepasstes Kalzium-Phosphor-Verhältnis Steigerung der Nahrungsaufnahme dank herausragender Akzeptanz"}
{"url": "https://www.fressnapf.de/p/i-love-my-cat-dealset-fuer-katzen-mit-giardien---18-dosen-nassfutter-mit-pute-und-lachs-100g--vermal-pulver-35g--1-jutesack-von-i-love-my-cat-1767178/", "product_name": "I love my cat Dealset für Katzen mit Giardien - 18 Dosen Nassfutter mit Pute und Lachs 100g + Vermal Pulver 35g + 1 Jutesack von I love my cat", "brand": "I love my cat Nassfutter", "regular_price": 0.0, "selling_price": 30.99, "price_per_unit": 0.0, "breadcrumbs": "Katze > Katzenfutter > Nassfutter", "description": "I LOVE MY CAT GIARDIEN SPARSET: Das Futterset für Katzen mit Giardien besteht aus Vermal Pulver, Nassfutter ohne Getreide und einem hochwertigen Jutebeutel für Katzenliebhaber NATÜRLICHE ALTERNATIVE: Mit den von unseren erfahrenen Futterexperten zusammengestellten Produkten können Halter dem Giardienbefall bei ihrer Katze auf natürliche Weise entgegenwirken OHNE NEBENWIRKUNGEN: Das im Set enthaltene Vermal Pulver ist frei von chemischen Wirkstoffen, sodass der Organismus der Katze durch die Gabe des Ergänzungsfuttermittels nicht unnötig belastet wird"}
{"url": "https://www.fressnapf.de/p/fortan-nachtkerzenoel-1711684/", "product_name": "Fortan Nachtkerzenöl", "brand": "Fortan Ergänzungsfutter & Aufzucht", "regular_price": 0.0, "selling_price": 31.0, "price_per_unit": 0.0, "breadcrumbs": "Hund > Hundefutter > Ergänzungsfutter & Aufzucht", "description": "100 % natürlich: Frei von künstlichen und chemischen Zusätzen Für die innerliche und äußere Anwendung geeignet Für gesunde Haut und glänzendes Fell"}
{"url": "https://www.fressnapf.de/p/dr-clauders-trainee-snack-schwein-2x500-g-1676544/", "product_name": "Dr. Clauder's Trainee Snack Schwein 2x500 g", "brand": "Dr. Clauder's Snacks", "regular_price": 0.0, "selling_price": 31.5, "price_per_unit": 0.0, "breadcrumbs": "Hund > Hundefutter > Snacks", "description": "95% Schwein – hochwertige Proteinquelle Schonende Dampftrocknung – behält natürliches Aroma Für Hunde und Katzen aller Altersklassen – der ideale Trainings- und Belohnungssnack"}
{"url": "https://www.fressnapf.de/p/dr-clauders-trainee-snack-huhn-1676535/", "product_name": "Dr. Clauder's Trainee Snack Huhn", "brand": "Dr. Clauder's Snacks", "regular_price": 0.0, "selling_price": 31.5, "price_per_unit": 0.0, "breadcrumbs": "Hund > Hundefutter > Snacks", "description": "95% Hühnerfleisch – für eine hochwertige und natürliche Ernährung Unterstützt die Verdauung – dank Inulin (FOS) und wertvollen Mineralstoffen Für Hunde und Katzen aller Altersklassen – der ideale Trainings- und Belohnungssnack"}
{"url": "https://www.fressnapf.de/p/dr-clauders-trainee-snack-mega-mix---2x-500g-1676540/", "product_name": "Dr. Clauder's Trainee Snack Mega Mix - 2x 500g", "brand": "Dr. Clauder's Snacks", "regular_price": 0.0, "selling_price": 31.5, "price_per_unit": 0.0, "breadcrumbs": "Hund > Hundefutter > Snacks", "description": "95% hochwertiges Fleisch: Ideal für Hunde und Katzen. Unterstützt die Verdauung: Mit FOS angereichert. Schonend dampfgetrocknet: Maximale Aroma- und Nährstofferhaltung."}
{"url": "https://www.fressnapf.de/p/dr-clauders-trainee-snack-lachs-2x500-g-1676542/", "product_name": "Dr. Clauder's Trainee Snack Lachs 2x500 g", "brand": "Dr. Clauder's Snacks", "regular_price": 0.0, "selling_price": 31.5, "price_per_unit": 0.0, "breadcrumbs": "Hund > Hundefutter > Snacks", "description": "95% Lachs – hochwertiger Proteinlieferant Schonende Dampftrocknung – behält natürliches Aroma Für Hunde und Katzen aller Altersklassen – der ideale Trainings- und Belohnungssnack"}
{"url": "https://www.fressnapf.de/p/dr-clauders-trainee-snack-hering-2x500-g-1676541/", "product_name": "Dr. Clauder's Trainee Snack Hering 2x500 g", "brand": "Dr. Clauder's Snacks", "regular_price": 0.0, "selling_price": 31.5, "price_per_unit": 0.0, "breadcrumbs": "Hund > Hundefutter > Snacks", "description": "95% hochwertiger Hering: Ideal für Hunde und Katzen. Unterstützt die Verdauung: Mit FOS angereichert. Schonend dampfgetrocknet: Maximale Aroma- und Nährstofferhaltung."}
{"url": "https://www.fressnapf.de/p/dr-clauders-trainee-snack-ente-2x500-g-1676536/", "product_name": "Dr. Clauder's Trainee Snack Ente 2x500 g", "brand": "Dr. Clauder's Snacks", "regular_price": 0.0, "selling_price": 31.5, "price_per_unit": 0.0, "breadcrumbs": "Hund > Hundefutter > Snacks", "description": "95% Entenfleisch – für eine hochwertige und natürliche Ernährung Unterstützt die Verdauung – dank Inulin (FOS) und wertvollen Mineralstoffen Für Hunde und Katzen aller Altersklassen – der ideale Trainings- und Belohnungssnack"}
{"url": "https://www.fressnapf.de/p/bettys-landhauskueche-mit-ente--taurin-6-x-800g-fuer-katze-1897047/", "product_name": "Betty's Landhausküche mit Ente & Taurin 6 x 800g für Katze", "brand": "Betty's Landhausküche Nassfutter", "regular_price": 0.0, "selling_price": 31.74, "price_per_unit": 0.0, "breadcrumbs": "Katze > Katzenfutter > Nassfutter", "description": "ohne Zusatz von Farb-, Geschmacks- und Konservierungsstoffen, hohe Bioverfügbarkeit beste Qualität, für alle Katzenrassen geeignet kann ein schönes und gesundes Fell unterstützend, für sensible Tiere geeignet reich an Omega -6-Fettsäurenschonend gegart, gesunder Stoffwechsel dank Taurin, hergestellt in Deutschland"}
{"url": "https://www.fressnapf.de/p/reavet-barf-futteroel-3-sorten-x-500ml-1714944/", "product_name": "REAVET Barf Futteröl 3 Sorten x 500ml", "brand": "REAVET Ergänzungsfutter & Aufzucht", "regular_price": 0.0, "selling_price": 31.9, "price_per_unit": 0.0, "breadcrumbs": "Hund > Hundefutter > Ergänzungsfutter & Aufzucht", "description": "100% natürlich & ohne Zusätze Für vitale Haut & Haare Stärkt Knochen & Gelenke"}
{"url": "https://www.fressnapf.de/p/reavet-hanfoel-naturrein-1l-1713405/", "product_name": "REAVET Hanföl naturrein 1L", "brand": "REAVET Ergänzungsfutter & Aufzucht", "regular_price": 0.0, "selling_price": 31.9, "price_per_unit": 0.0, "breadcrumbs": "Hund > Hundefutter > Ergänzungsfutter & Aufzucht", "description": "Unterstützung für ein vitales & glänzendes Fell Erhaltung des Immunsystems Unterstützung der normalen Gelenkfunktion"}
{"url": "https://www.fressnapf.de/p/recoactiv--renaltan-tonicum-3x90-ml-1789229/", "product_name": "RECOACTIV ® Renaltan Tonicum 3x90 ml", "brand": "RECOACTIV Ergänzungsfutter & Aufzucht", "regular_price": 0.0, "selling_price": 31.9, "price_per_unit": 0.0, "breadcrumbs": "Katze > Katzenfutter > Ergänzungsfutter & Aufzucht", "description": "Reduktion des mit dem Futter aufgenommenen Phosphatgehalts mithilfe des Phosphatbinders Calciumcarbonat Entlastung der Nieren durch wenig, aber hochwertiges Protein Alternative Therapie bei Verweigerung des Nierendiätfutters"}
{"url": "https://www.fressnapf.de/p/reavet-colostrum-bioaktiv-100g-1714916/", "product_name": "REAVET Colostrum Bioaktiv 100g", "brand": "REAVET Ergänzungsfutter & Aufzucht", "regular_price": 0.0, "selling_price": 31.9, "price_per_unit": 0.0, "breadcrumbs": "Hund > Hundefutter > Ergänzungsfutter & Aufzucht", "description": "Stärkung der Abwehrkräfte & des Immunsystems Hoher Immunglobulin G-Wert von 23,3 % (Antikörper) Aus der Milch des ersten Tages gewonnen"}
{"url": "https://www.fressnapf.de/p/singulares-fluessigmoor-1712876/", "product_name": "Singulares FlüssigMoor", "brand": "Singulares Ergänzungsfutter & Aufzucht", "regular_price": 0.0, "selling_price": 31.95, "price_per_unit": 0.0, "breadcrumbs": "Hund > Hundefutter > Ergänzungsfutter & Aufzucht", "description": "Einzelfuttermittel für Tiere aus 100% reinem Moor in flüssiger Form Hervorragendes Ergänzungfuttermittel - natürlich reich an Huminsäuren, Mineralstoffen und Spurenelementen Ideales natürliches Futterergänzungsmittel zur ernährungsbedingten Unterstützung der Magen- und Darmtätigkeit"}
{"url": "https://www.fressnapf.de/p/i-love-my-cat-sparset-fuer-katzen-mit-nierenschwaeche---nassfutter--nierenkraft-pulver--jutebeutel-1767179/", "product_name": "I love my cat Sparset für Katzen mit Nierenschwäche - Nassfutter + Nierenkraft Pulver + Jutebeutel", "brand": "I love my cat Ergänzungsfutter & Aufzucht", "regular_price": 0.0, "selling_price": 31.99, "price_per_unit": 0.0, "breadcrumbs": "Katze > Katzenfutter > Ergänzungsfutter & Aufzucht", "description": "Nierenfreundliche Ernährung Hochwertige Zutaten Natürliche Entgiftungsunterstützung"}
{"url": "https://www.fressnapf.de/p/yarrah-adult-bio-pastete-12-x-400g-fisch-1100915/", "product_name": "Yarrah Adult Bio Pastete 12 x 400g Fisch", "brand": "Yarrah Biofutter", "regular_price": 0.0, "selling_price": 31.99, "price_per_unit": 0.0, "breadcrumbs": "Katze > Katzenfutter > Biofutter", "description": "Keine künstlichen Zutaten oder Zucker Frei von genetisch veränderten Organismen Getreidefreie Rezeptur"}
{"url": "https://www.fressnapf.de/p/dr-clauders-stripe-snack-small-schwein---10x-80g-1693473/", "product_name": "Dr. Clauder's Stripe Snack Small Schwein - 10x 80g", "brand": "Dr. Clauder's Snacks", "regular_price": 0.0, "selling_price": 32.9, "price_per_unit": 0.0, "breadcrumbs": "Hund > Hundefutter > Snacks", "description": "95% hochwertiges Schweinefleisch: Ideal für Hunde und Katzen. Unterstützt die Verdauung: Mit FOS angereichert. Schonend dampfgetrocknet: Maximale Aroma- und Nährstofferhaltung."}
{"url": "https://www.fressnapf.de/p/dr-clauders-stripes-snack-kaninchen---10x-80g-1693470/", "product_name": "Dr. Clauder's Stripes Snack Kaninchen - 10x 80g", "brand": "Dr. Clauder's Snacks", "regular_price": 0.0, "selling_price": 32.9, "price_per_unit": 0.0, "breadcrumbs": "Hund > Hundefutter > Snacks", "description": "95% köstliches Kaninchenfleisch Schonende Dampftrocknung für bestes Aroma Mit FOS für gesunde Verdauung"}
{"url": "https://www.fressnapf.de/p/dr-clauders-stripes-snack-lamm---10x-80g-1693471/", "product_name": "Dr. Clauder's Stripes Snack Lamm - 10x 80g", "brand": "Dr. Clauder's Snacks", "regular_price": 0.0, "selling_price": 32.9, "price_per_unit": 0.0, "breadcrumbs": "Hund > Hundefutter > Snacks", "description": "95% köstliches Lammfleisch Schonende Dampftrocknung für bestes Aroma Mit FOS für gesunde Verdauung"}
{"url": "https://www.fressnapf.de/p/dr-clauders-trainee-snack-hanf---10x-80g-1687557/", "product_name": "Dr. Clauder's Trainee Snack Hanf - 10x 80g", "brand": "Dr. Clauder's Snacks", "regular_price": 0.0, "selling_price": 32.9, "price_per_unit": 0.0, "breadcrumbs": "Hund > Hundefutter > Snacks", "description": "Reich an Omega-3- und Omega-6-Fettsäuren – unterstützt die Gesundheit Enthält nahrhaftes Hanfmehl – für eine schmackhafte und gesunde Ernährung Für Hunde und Katzen aller Altersklassen – der ideale Trainings- und Belohnungssnack"}
{"url": "https://www.fressnapf.de/p/dr-clauders-trainee-snack-lamm-10x80-g-1676532/", "product_name": "Dr. Clauder's Trainee Snack Lamm 10x80 g", "brand": "Dr. Clauder's Snacks", "regular_price": 0.0, "selling_price": 31.5, "price_per_unit": 0.0, "breadcrumbs": "Hund > Hundefutter > Snacks", "description": "95% köstliches Lammfleisch Schonende Dampftrocknung für besten Geschmack Mit FOS für eine gesunde Verdauung"}
{"url": "https://www.fressnapf.de/p/dr-clauders-trainee-snack-insekt---10x-80g-1687560/", "product_name": "Dr. Clauder's Trainee Snack Insekt - 10x 80g", "brand": "Dr. Clauder's Snacks", "regular_price": 0.0, "selling_price": 32.9, "price_per_unit": 0.0, "breadcrumbs": "Hund > Hundefutter > Snacks", "description": "Innovatives Insektenprotein – ideal für allergische Haustiere Reich an essenziellen Aminosäuren – unterstützt die Gesundheit Für Hunde und Katzen aller Altersklassen – der ideale Trainings- und Belohnungssnack"}
{"url": "https://www.fressnapf.de/p/dr-clauders-trainee-snack-veggie-apfel---10x-80g-1687558/", "product_name": "Dr. Clauder's Trainee Snack Veggie Apfel - 10x 80g", "brand": "Dr. Clauder's Snacks", "regular_price": 0.0, "selling_price": 32.9, "price_per_unit": 0.0, "breadcrumbs": "Hund > Hundefutter > Snacks", "description": "Hoher Rohproteingehalt von 38% für eine gesunde Ernährung. Fruchtige Frische durch 16,4% Apfelanteil. Enthält wertvolle Vitamine und Antioxidantien aus Äpfeln."}
{"url": "https://www.fressnapf.de/p/dr-clauders-trainee-snack-kaese---10x-80g-1687556/", "product_name": "Dr. Clauder's Trainee Snack Käse - 10x 80g", "brand": "Dr. Clauder's Snacks", "regular_price": 0.0, "selling_price": 32.9, "price_per_unit": 0.0, "breadcrumbs": "Hund > Hundefutter > Snacks", "description": "Hoher Proteinanteil von 40% – unterstützt die Muskelgesundheit Mit echtem Käse und Vitaminen – liefert Vitamin B2 und Calcium Für Hunde und Katzen aller Altersklassen – der ideale Trainings- und Belohnungssnack"}
{"url": "https://www.fressnapf.de/p/nd-farmina-spirulina-hering-15-kg-1662703/", "product_name": "N&D Farmina Spirulina Hering 1,5 kg", "brand": "N&D Farmina Trockenfutter", "regular_price": 0.0, "selling_price": 32.99, "price_per_unit": 0.0, "breadcrumbs": "Katze > Katzenfutter > Trockenfutter", "description": "96% Proteine tierischen Ursprungs 0% Getreide und GMOs Ohne künstliche Konservierungsstoffe"}
{"url": "https://www.fressnapf.de/p/fellicita-huhn--lachs-sticks-10x-50g-fellonis-katzensnacks-1702030/", "product_name": "Fellicita Huhn & Lachs Sticks 10x 50g Fellonis Katzensnacks", "brand": "Fellicita Snacks", "regular_price": 0.0, "selling_price": 33.5, "price_per_unit": 0.0, "breadcrumbs": "Katze > Katzenfutter > Snacks", "description": "Echtes Hühnerfleisch und Lachs - Multiprotein Konsistenz: weicher Stick, gut teilbar kaltgeformt, getreidefrei, hergestellt in der Schweiz"}
{"url": "https://www.fressnapf.de/p/valetumed-multi-vitamin-plus2x-1kg-1803766/", "product_name": "Valetumed Multi-Vitamin Plus,2x 1kg", "brand": "Valetumed Ergänzungsfutter & Aufzucht", "regular_price": 0.0, "selling_price": 33.9, "price_per_unit": 0.0, "breadcrumbs": "Hund > Hundefutter > Ergänzungsfutter & Aufzucht", "description": "Zur Unterstützung der Widerstandskraft und Leistungsfähigkeit Ausgewogene Rezeptur, ohne Getreide und Gluten Wirkt sich positiv auf den Erhalt von glänzendem Fell aus"}
{"url": "https://www.fressnapf.de/p/whiskas-jumbo-pack-1-gefluegel-auswahl-in-gelee-80-x-85g-1480572/", "product_name": "Whiskas Jumbo Pack 1+ Geflügel Auswahl in Gelee 80 x 85g", "brand": "Whiskas Nassfutter", "regular_price": 0.0, "selling_price": 33.99, "price_per_unit": 0.0, "breadcrumbs": "Katze > Katzenfutter > Nassfutter", "description": "Deckt alle täglichen Bedürfnisse deiner 1+ Katze Mit hochwertigem Protein zur Unterstützung starker Muskeln Hergestellt mit Vitamin C zur Unterstützung der natürlichen Abwehrkräfte"}
{"url": "https://www.fressnapf.de/p/i-love-my-cat-ohrenpflege-sparset-fuer-katzen-mit-einer-futtermittelallergie-1767121/", "product_name": "I love my cat Ohrenpflege-Sparset für Katzen mit einer Futtermittelallergie", "brand": "I love my cat Hundenassfutter", "regular_price": 0.0, "selling_price": 34.49, "price_per_unit": 0.0, "breadcrumbs": "Hund > Hundefutter > Hundenassfutter", "description": "Hypoallergenes Katzenfutter Ohrenpflege-Tropfen Unterstützung der Nieren"}
{"url": "https://www.fressnapf.de/p/balduin-katze-pute--kraeuterseitling-12x400g-1809022/", "product_name": "BALDUiN Katze Pute & Kräuterseitling 12x400g", "brand": "BALDUiN Nassfutter", "regular_price": 0.0, "selling_price": 34.68, "price_per_unit": 0.0, "breadcrumbs": "Katze > Katzenfutter > Nassfutter", "description": "Vollwertig, artgerecht und zugleich nachhaltig. Mit viel Frischem Fleisch und wertvollem Kräuterseitling. Bedarfsdeckend und ernährungsphysiologisch ausgewogen. Sehr bekömmlich und gut verdaulich. Ohne Getreide, künstliche Aromen, Farb- und Konservierungsstoffe. Zuhause gemacht: hergestellt in Österreich."}
{"url": "https://www.fressnapf.de/p/balduin-katze-huhn--kraeuterseitling-12x400g-1809023/", "product_name": "BALDUiN Katze Huhn & Kräuterseitling 12x400g", "brand": "BALDUiN Nassfutter", "regular_price": 0.0, "selling_price": 34.68, "price_per_unit": 0.0, "breadcrumbs": "Katze > Katzenfutter > Nassfutter", "description": "Vollwertig, artgerecht und zugleich nachhaltig. Mit viel Frischem Fleisch und wertvollem Kräuterseitling. Bedarfsdeckend und ernährungsphysiologisch ausgewogen. Sehr bekömmlich und gut verdaulich. Ohne Getreide, künstliche Aromen, Farb- und Konservierungsstoffe. Zuhause gemacht: hergestellt in Österreich."}
{"url": "https://www.fressnapf.de/p/balduin-katze-mix--paket-2-pute--lamm-12x400g-1945070/", "product_name": "BALDUiN Katze Mix- Paket 2 Pute & Lamm 12x400g", "brand": "BALDUiN Nassfutter", "regular_price": 0.0, "selling_price": 34.68, "price_per_unit": 0.0, "breadcrumbs": "Katze > Katzenfutter > Nassfutter", "description": "Viel Fleisch, viel mehr Nachhaltigkeit Ohne künstliche Zusätze Getreidefrei"}
{"url": "https://www.fressnapf.de/p/balduin-katze-mix--paket-1-rind--huhn-12x400g-1945069/", "product_name": "BALDUiN Katze Mix- Paket 1 Rind & Huhn 12x400g", "brand": "BALDUiN Nassfutter", "regular_price": 0.0, "selling_price": 34.68, "price_per_unit": 0.0, "breadcrumbs": "Katze > Katzenfutter > Nassfutter", "description": "Viel Fleisch, viel mehr Nachhaltigkeit Ohne künstliche Zusätze Getreidefrei"}
{"url": "https://www.fressnapf.de/p/balduin-katze-mix--paket-3-kalb--huhn-12x400g-1945071/", "product_name": "BALDUiN Katze Mix- Paket 3 Kalb & Huhn 12x400g", "brand": "BALDUiN Nassfutter", "regular_price": 0.0, "selling_price": 34.68, "price_per_unit": 0.0, "breadcrumbs": "Katze > Katzenfutter > Nassfutter", "description": "Viel Fleisch, viel mehr Nachhaltigkeit Ohne künstliche Zusätze Getreidefrei"}
{"url": "https://www.fressnapf.de/p/balduin-katze-rind--kraeuterseitling-12x400g-1809024/", "product_name": "BALDUiN Katze Rind & Kräuterseitling 12x400g", "brand": "BALDUiN Nassfutter", "regular_price": 0.0, "selling_price": 34.68, "price_per_unit": 0.0, "breadcrumbs": "Katze > Katzenfutter > Nassfutter", "description": "Vollwertig, artgerecht und zugleich nachhaltig. Mit viel Frischem Fleisch und wertvollem Kräuterseitling. Bedarfsdeckend und ernährungsphysiologisch ausgewogen. Sehr bekömmlich und gut verdaulich. Ohne Getreide, künstliche Aromen, Farb- und Konservierungsstoffe. Zuhause gemacht: hergestellt in Österreich."}
{"url": "https://www.fressnapf.de/p/balduin-katze-lamm--kraeuterseitling-12x400g-1809020/", "product_name": "BALDUiN Katze Lamm & Kräuterseitling 12x400g", "brand": "BALDUiN Nassfutter", "regular_price": 0.0, "selling_price": 34.68, "price_per_unit": 0.0, "breadcrumbs": "Katze > Katzenfutter > Nassfutter", "description": "Vollwertig, artgerecht und zugleich nachhaltig. Mit viel Frischem Fleisch und wertvollem Kräuterseitling. Bedarfsdeckend und ernährungsphysiologisch ausgewogen. Sehr bekömmlich und gut verdaulich. Ohne Getreide, künstliche Aromen, Farb- und Konservierungsstoffe. Zuhause gemacht: hergestellt in Österreich."}
{"url": "https://www.fressnapf.de/p/balduin-katze-kalb--kraeuterseitling-12x400g-1809021/", "product_name": "BALDUiN Katze Kalb & Kräuterseitling 12x400g", "brand": "BALDUiN Nassfutter", "regular_price": 0.0, "selling_price": 34.68, "price_per_unit": 0.0, "breadcrumbs": "Katze > Katzenfutter > Nassfutter", "description": "Vollwertig, artgerecht und zugleich nachhaltig. Mit viel Frischem Fleisch und wertvollem Kräuterseitling. Bedarfsdeckend und ernährungsphysiologisch ausgewogen. Sehr bekömmlich und gut verdaulich. Ohne Getreide, künstliche Aromen, Farb- und Konservierungsstoffe. Zuhause gemacht: hergestellt in Österreich."}
{"url": "https://www.fressnapf.de/p/tjure-consomm-sixpack-1703132/", "product_name": "Tjure Consommé Sixpack", "brand": "Tjure Snacks", "regular_price": 0.0, "selling_price": 34.94, "price_per_unit": 0.0, "breadcrumbs": "Hund > Hundefutter > Snacks", "description": "Laktosefrei Getreide- & Glutenfrei"}
{"url": "https://www.fressnapf.de/p/i-love-my-cat-sparset-fuer-burma-katze-1767194/", "product_name": "I love my cat Sparset für Burma-Katze", "brand": "I love my cat Nassfutter", "regular_price": 0.0, "selling_price": 34.99, "price_per_unit": 0.0, "breadcrumbs": "Katze > Katzenfutter > Nassfutter", "description": "Maßgeschneiderte Ernährung Umfassende Pflege Hochwertige Zutaten"}
{"url": "https://www.fressnapf.de/p/aniforte-immun-aktiv-250g-1781184/", "product_name": "AniForte Immun Aktiv 250g", "brand": "AniForte Ergänzungsfutter & Aufzucht", "regular_price": 0.0, "selling_price": 34.99, "price_per_unit": 0.0, "breadcrumbs": "Hund > Hundefutter > Ergänzungsfutter & Aufzucht", "description": "Für Immunsystem & Abwehrkräfte Unterstützt Gesundheit & Wohlbefinden Nährstoffreich & mit Vitamin C"}
{"url": "https://www.fressnapf.de/p/fellicita-kaninchen-fleischstreifen-8x-50g-fellonis-katzensnacks-1728833/", "product_name": "Fellicita Kaninchen Fleischstreifen 8x 50g Fellonis Katzensnacks", "brand": "Fellicita Snacks", "regular_price": 0.0, "selling_price": 35.2, "price_per_unit": 0.0, "breadcrumbs": "Katze > Katzenfutter > Snacks", "description": "100 % Kaninchenfleisch - Monoprotein Konsistenz: knackig-zart und leicht zu teilen Über Buchenholz geräuchert, getreidefrei, hergestellt in der Schweiz"}
{"url": "https://www.fressnapf.de/p/valetumed-prebiotic-topinpur-pet-2x-30-ml-1803772/", "product_name": "Valetumed Prebiotic TopinPur Pet, 2x 30 ml", "brand": "Valetumed Ergänzungsfutter & Aufzucht", "regular_price": 0.0, "selling_price": 35.87, "price_per_unit": 0.0, "breadcrumbs": "Hund > Hundefutter > Ergänzungsfutter & Aufzucht", "description": "Hochwirksames Konzentrat aus der Topinamburknolle Empfohlen nach Wurmkuren oder Antibiotikatherapien Wirkungsvolle Aktivierung der körpereigenen Abwehrkräfte"}
{"url": "https://www.fressnapf.de/p/valetumed-arganoel-2x-100ml-1803760/", "product_name": "Valetumed Arganöl 2x 100ml", "brand": "Valetumed Ergänzungsfutter & Aufzucht", "regular_price": 0.0, "selling_price": 35.91, "price_per_unit": 0.0, "breadcrumbs": "Hund > Hundefutter > Ergänzungsfutter & Aufzucht", "description": "Stärkende Wirkung auf das Immunsystem Sehr hochwertiger Energielieferant Kann die Linderung rheumatischer Beschwerden unterstützen"}
{"url": "https://www.fressnapf.de/p/smoothiecat-ente-1707471/", "product_name": "SmoothieCat Ente", "brand": "SmoothieCat Nassfutter", "regular_price": 0.0, "selling_price": 35.99, "price_per_unit": 0.0, "breadcrumbs": "Katze > Katzenfutter > Nassfutter", "description": "Getreidefrei & glutenfrei Zuckerfrei Ohne künstliche Zusätze"}
{"url": "https://www.fressnapf.de/p/smoothiecat-mix-1707474/", "product_name": "SmoothieCat Mix", "brand": "SmoothieCat Nassfutter", "regular_price": 0.0, "selling_price": 35.99, "price_per_unit": 0.0, "breadcrumbs": "Katze > Katzenfutter > Nassfutter", "description": "Getreidefrei & glutenfrei Zuckerfrei Ohne künstliche Zusätze"}
{"url": "https://www.fressnapf.de/p/smoothiecat-huhn-1707470/", "product_name": "SmoothieCat Huhn", "brand": "SmoothieCat Nassfutter", "regular_price": 0.0, "selling_price": 35.99, "price_per_unit": 0.0, "breadcrumbs": "Katze > Katzenfutter > Nassfutter", "description": "Getreidefrei & glutenfrei Zuckerfrei Ohne künstliche Zusätze"}
{"url": "https://www.fressnapf.de/p/smoothiecat-fisch-1707475/", "product_name": "SmoothieCat Fisch", "brand": "SmoothieCat Nassfutter", "regular_price": 0.0, "selling_price": 35.99, "price_per_unit": 0.0, "breadcrumbs": "Katze > Katzenfutter > Nassfutter", "description": "Getreidefrei & glutenfrei Zuckerfrei Ohne künstliche Zusätze"}
{"url": "https://www.fressnapf.de/p/i-love-my-cat-futterset-fuer-katzen-mit-magenschleimhautentzuendung-1767188/", "product_name": "I love my cat Futterset für Katzen mit Magenschleimhautentzündung", "brand": "I love my cat Nassfutter", "regular_price": 0.0, "selling_price": 35.99, "price_per_unit": 0.0, "breadcrumbs": "Katze > Katzenfutter > Nassfutter", "description": "Gezielte Ernährung bei Gastritis Shiimun Gastro zur Unterstützung der Verdauung Ein umfassender Ansatz"}
{"url": "https://www.fressnapf.de/p/i-love-my-cat-sparset-fuer-somali-katze-1767206/", "product_name": "I love my cat Sparset für Somali-Katze", "brand": "I love my cat Nassfutter", "regular_price": 0.0, "selling_price": 36.43, "price_per_unit": 0.0, "breadcrumbs": "Katze > Katzenfutter > Nassfutter", "description": "Maßgeschneiderte Ernährung Umfassende Pflege Hochwertige Zutaten"}
{"url": "https://www.fressnapf.de/p/i-love-my-cat-sparset-fuer-russisch-blau-1767202/", "product_name": "I love my cat Sparset für Russisch Blau", "brand": "I love my cat Nassfutter", "regular_price": 0.0, "selling_price": 36.43, "price_per_unit": 0.0, "breadcrumbs": "Katze > Katzenfutter > Nassfutter", "description": "Maßgeschneiderte Ernährung Umfassende Pflege Hochwertige Zutaten"}
{"url": "https://www.fressnapf.de/p/fellicita-hirsch-sticks-10x-50g-fellonis-katzensnacks-1728834/", "product_name": "Fellicita Hirsch Sticks 10x 50g Fellonis Katzensnacks", "brand": "Fellicita Snacks", "regular_price": 0.0, "selling_price": 36.65, "price_per_unit": 0.0, "breadcrumbs": "Katze > Katzenfutter > Snacks", "description": "Echtes Hirschfleisch - Monoprotein Konsistenz: weicher Stick, gut teilbar kaltgeformt, getreidefrei, hergestellt in der Schweiz"}
{"url": "https://www.fressnapf.de/p/aniforte-indische-flohsamen-3kg-1422216/", "product_name": "AniForte Indische Flohsamen 3kg", "brand": "AniForte Ergänzungsfutter & Aufzucht", "regular_price": 0.0, "selling_price": 36.99, "price_per_unit": 0.0, "breadcrumbs": "Hund > Hundefutter > Ergänzungsfutter & Aufzucht", "description": "Für Verdauung & Darmfunktion Unterstützt bei vorübergehenden Störungen Mit wertvollen Natur- & Ballaststoffen"}
{"url": "https://www.fressnapf.de/p/i-love-my-cat-sparset-fuer-perserkatze-1767200/", "product_name": "I love my cat Sparset für Perserkatze", "brand": "I love my cat Nassfutter", "regular_price": 0.0, "selling_price": 37.24, "price_per_unit": 0.0, "breadcrumbs": "Katze > Katzenfutter > Nassfutter", "description": "Maßgeschneiderte Ernährung Umfassende Pflege Hochwertige Zutaten"}
{"url": "https://www.fressnapf.de/p/valetumed-zahnsteinentferner-2x-300g-1800236/", "product_name": "Valetumed Zahnsteinentferner, 2x 300g", "brand": "Valetumed Ergänzungsfutter & Aufzucht", "regular_price": 0.0, "selling_price": 37.9, "price_per_unit": 0.0, "breadcrumbs": "Hund > Hundefutter > Ergänzungsfutter & Aufzucht", "description": "Beugt schmerzhaften Zahnfleischentzündungen vor Ausschließlich natürliche Zutaten und Inhaltsstoffe Reduziert Zahnbelag und Zahnstein, beseitigt Mundgeruch"}
{"url": "https://www.fressnapf.de/p/i-love-my-cat-360-vitalkonzepts---rundum-sorglos-paket-mit-ausgewaehlten-produkten-1767177/", "product_name": "I love my cat 360° Vitalkonzepts - Rundum-sorglos-Paket mit ausgewählten Produkten", "brand": "I love my cat Nassfutter", "regular_price": 0.0, "selling_price": 37.99, "price_per_unit": 0.0, "breadcrumbs": "Katze > Katzenfutter > Nassfutter", "description": "Hochwertige Ernährung Zahnpflegelösung Unterstützung des Immunsystems"}
{"url": "https://www.fressnapf.de/p/i-love-my-cat-sparset-fuer-ernaehrungssensible-katzen-trocken--nassfutter-1767180/", "product_name": "I love my cat Sparset für ernährungssensible Katzen: Trocken- Nassfutter", "brand": "I love my cat Nassfutter", "regular_price": 0.0, "selling_price": 37.99, "price_per_unit": 0.0, "breadcrumbs": "Katze > Katzenfutter > Nassfutter", "description": "Leicht verdauliche und hypoallergene Ernährung Unterstützung der Nieren und des Immunsystems Hochwertige und artgerechte Fütterung"}
{"url": "https://www.fressnapf.de/p/josera-high-energy-fuer-aktive-hunde-125-kg-1666638/", "product_name": "Josera High Energy für aktive Hunde 12,5 kg", "brand": "Josera Hundetrockenfutter", "regular_price": 0.0, "selling_price": 37.99, "price_per_unit": 0.0, "breadcrumbs": "Hund > Hundefutter > Hundetrockenfutter", "description": "Ideal für ausgewachsene Zucht-, Sport- und Arbeitshunde mit wertvollem Lachsprotein Auch für trächtige und säugende Hündinnen geeignet, wenn eine größere Krokette bevorzugt wird Unterstützt einen kräftigen Knochenbau und gesunde Gelenke"}
{"url": "https://www.fressnapf.de/p/josera-family-plus-trockenfutter-fuer-huendin-und-welpe-125-kg-1666637/", "product_name": "Josera Family Plus Trockenfutter für Hündin und Welpe 12,5 kg", "brand": "Josera Hundetrockenfutter", "regular_price": 0.0, "selling_price": 37.99, "price_per_unit": 0.0, "breadcrumbs": "Hund > Hundefutter > Hundetrockenfutter", "description": "Mit viel Energie für säugende und trächtige Hündinnen, sowie auch für Welpen bis zur 8. Woche Einweichbare Kroketten, ideal zur sanften Umstellung der Welpen Enthält Taurin für die Fruchtbarkeit, sowie hochwertige Fettsäuren aus Lachs zur Förderung der Gehirnentwicklung"}
{"url": "https://www.fressnapf.de/p/dogsn-tiger-mmmh-mmmh--huhn-420-g-1753179/", "product_name": "Dogs'n Tiger Mmmh mmmh | Huhn 420 g", "brand": "Dogs'n Tiger Snacks", "regular_price": 0.0, "selling_price": 13.99, "price_per_unit": 0.0, "breadcrumbs": "Katze > Katzenfutter > Snacks", "description": "Premium Snack aus Hühnchenfilet Schonend gefriergetrocknet, um alle Nährstoffe zu erhalten Überzeugt als Topping selbst mäkelige Katzen"}
{"url": "https://www.fressnapf.de/p/hills-hills-science-plan-kitten--mother-mit-huhn--truthahn-tender-mousse-2485-g-1771823/", "product_name": "Hill's Hill’s Science Plan Kitten & Mother mit Huhn & Truthahn, Tender Mousse 24×85 g", "brand": "Hill's Nassfutter", "regular_price": 0.0, "selling_price": 38.99, "price_per_unit": 0.0, "breadcrumbs": "Katze > Katzenfutter > Nassfutter", "description": "Unterstützt das Immunsystem und das gesunde Wachstum von Kätzchen Weiche Textur, die den Übergang zu festem Futter erleichtert Mit Ballaststoffen für einen gesunden Verdauungstrakt und Mineralien für starke Knochen und Zähne"}
{"url": "https://www.fressnapf.de/p/valetumed-algen-muschel-mix-2x-150g-1803767/", "product_name": "Valetumed Algen-Muschel-Mix 2x 150g", "brand": "Valetumed Ergänzungsfutter & Aufzucht", "regular_price": 0.0, "selling_price": 39.89, "price_per_unit": 0.0, "breadcrumbs": "Hund > Hundefutter > Ergänzungsfutter & Aufzucht", "description": "Unterstützt die Gesunderhaltung der Gelenke des Hundes Mit natürlichem Extrakt der grünlippigen neuseeländischen Muschel Empfehlenswert bei Arthrose oder Verletzungen von Sehnen und Gelenken"}
{"url": "https://www.fressnapf.de/p/tierliebhaber-dentalspray-fuer-hunde-und-katzen-150ml-1373682/", "product_name": "Tierliebhaber Dentalspray für Hunde und Katzen 150ml", "brand": "Tierliebhaber Ergänzungsfutter & Aufzucht", "regular_price": 0.0, "selling_price": 39.9, "price_per_unit": 0.0, "breadcrumbs": "Hund > Hundefutter > Ergänzungsfutter & Aufzucht", "description": "Entfernt Zahnbelag & Maulgeruch 100% natürlich Beugt Neubildung von Zahnstein sicher vor Einfache Anwendung als Futterspray"}
{"url": "https://www.fressnapf.de/p/dr-clauders-snack-it-kaese-creme---8x-100g-1841578/", "product_name": "Dr. Clauder's Snack IT Käse Creme - 8x 100g", "brand": "Dr. Clauder's Snacks", "regular_price": 0.0, "selling_price": 39.92, "price_per_unit": 0.0, "breadcrumbs": "Hund > Hundefutter > Snacks", "description": "Unterstützt das Verdauungssystem mit FOS. Ideal als tägliche Belohnung oder unterwegs. Fördert natürliche Fressgewohnheiten mit Schleckpad."}
{"url": "https://www.fressnapf.de/p/dr-clauders-snack-it-multivitamin-creme---8x-100g-1841579/", "product_name": "Dr. Clauder's Snack IT Multivitamin Creme - 8x 100g", "brand": "Dr. Clauder's Snacks", "regular_price": 0.0, "selling_price": 39.92, "price_per_unit": 0.0, "breadcrumbs": "Hund > Hundefutter > Snacks", "description": "Unterstützt das Immunsystem mit Multivitaminen. Ideal als tägliche Belohnung oder unterwegs. Fördert natürliche Fressgewohnheiten mit Schleckpad."}
{"url": "https://www.fressnapf.de/p/dr-clauders-snack-it-lachs-creme-1841577/", "product_name": "Dr. Clauder's Snack IT Lachs Creme", "brand": "Dr. Clauder's Snacks", "regular_price": 0.0, "selling_price": 39.92, "price_per_unit": 0.0, "breadcrumbs": "Hund > Hundefutter > Snacks", "description": "Unterstützt Haut und Fell mit Omegafettsäuren. Ideal als tägliche Belohnung oder unterwegs. Fördert natürliche Fressgewohnheiten mit Schleckpad."}
{"url": "https://www.fressnapf.de/p/smoothiecat-mix--lickimat-orange-1710735/", "product_name": "SmoothieCat Mix + Lickimat Orange", "brand": "SmoothieCat Nassfutter", "regular_price": 0.0, "selling_price": 39.99, "price_per_unit": 0.0, "breadcrumbs": "Katze > Katzenfutter > Nassfutter", "description": "Getreidefrei & glutenfrei Zuckerfrei Ohne künstliche Zusätze"}
{"url": "https://www.fressnapf.de/p/tjure-vita-plus--2-flaschen-tjure-1722082/", "product_name": "Tjure Vita Plus + 2 Flaschen Tjure", "brand": "Tjure Snacks", "regular_price": 0.0, "selling_price": 39.99, "price_per_unit": 0.0, "breadcrumbs": "Hund > Hundefutter > Snacks", "description": "kräuterreiche Grundversorgung lebenswichtige Vitalstoffe abgestimmtes Mineralfutter"}
{"url": "https://www.fressnapf.de/p/smoothiecat-mix--lickimat-gruen-1710736/", "product_name": "SmoothieCat Mix + Lickimat Grün", "brand": "SmoothieCat Nassfutter", "regular_price": 0.0, "selling_price": 39.99, "price_per_unit": 0.0, "breadcrumbs": "Katze > Katzenfutter > Nassfutter", "description": "Getreidefrei & glutenfrei Zuckerfrei Ohne künstliche Zusätze"}
{"url": "https://www.fressnapf.de/p/hills-prescription-diet-on-care-ragout-mit-huhn-24-x-82-g-1796521/", "product_name": "Hill's Prescription Diet ON-Care Ragout mit Huhn 24 x 82 g", "brand": "Hill's Nassfutter", "regular_price": 44.8, "selling_price": 39.99, "price_per_unit": 20.32, "breadcrumbs": "Katze > Katzenfutter > Nassfutter", "description": "Entwickelt mit einem unwiderstehlichen Geschmack, um den Appetit ab der ersten Portion anzuregen Optimales, kalorienreiches Futter mit leicht verdaulichem Protein zur Erhaltung von Kraft und Energie im Alltag Einzigartige ActivBiome+ Mischung, für ein gesundes Gleichgewicht im Mikrobiom des Magen-Darm-Trakts"}
{"url": "https://www.fressnapf.de/p/dr-clauders-trainee-snack-truthahn-2x500-g-1676543/", "product_name": "Dr. Clauder's Trainee Snack Truthahn 2x500 g", "brand": "Dr. Clauder's Snacks", "regular_price": 0.0, "selling_price": 40.18, "price_per_unit": 0.0, "breadcrumbs": "Hund > Hundefutter > Snacks", "description": "95% köstliches Truthahnfleisch Schonende Dampftrocknung für bestes Aroma Mit FOS für gesunde Verdauung"}
{"url": "https://www.fressnapf.de/p/dr-clauders-trainee-snack-pferd-1676534/", "product_name": "Dr. Clauder's Trainee Snack Pferd", "brand": "Dr. Clauder's Snacks", "regular_price": 0.0, "selling_price": 40.18, "price_per_unit": 0.0, "breadcrumbs": "Hund > Hundefutter > Snacks", "description": "Enthält 95% hochwertiges Pferdefleisch – ideal für Hunde und Katzen. Schonende Dampftrocknung für natürlichen Geschmack und Aroma. Mit FOS zur Förderung einer gesunden Verdauung und Nährstoffaufnahme."}
{"url": "https://www.fressnapf.de/p/dr-clauders-trainee-snack-hirsch-2x500-g-1676539/", "product_name": "Dr. Clauder's Trainee Snack Hirsch 2x500 g", "brand": "Dr. Clauder's Snacks", "regular_price": 0.0, "selling_price": 40.18, "price_per_unit": 0.0, "breadcrumbs": "Hund > Hundefutter > Snacks", "description": "95% hochwertiges Hirschfleisch: Ideal für Hunde und Katzen. Unterstützt die Verdauung: Mit FOS angereichert. Unterstützt die Verdauung: Mit FOS angereichert."}
{"url": "https://www.fressnapf.de/p/yarrah-adult-bio-broeckchen-in-sosse-16-x-100-g-huhn--rind-1100922/", "product_name": "Yarrah Adult Bio Bröckchen in Soße 16 x 100 g Huhn & Rind", "brand": "Yarrah Nassfutter", "regular_price": 0.0, "selling_price": 18.99, "price_per_unit": 0.0, "breadcrumbs": "Katze > Katzenfutter > Nassfutter", "description": "Saftige Bröckchen in schmackhafter Soße Frei von genetisch veränderten Organismen Getreidefreie Rezeptur"}
{"url": "https://www.fressnapf.de/p/bellfor-i-love-my-cat-sparset-fuer-bengalkatze-1767191/", "product_name": "Bellfor I love my cat Sparset für Bengalkatze", "brand": "Bellfor Nassfutter", "regular_price": 0.0, "selling_price": 40.4, "price_per_unit": 0.0, "breadcrumbs": "Katze > Katzenfutter > Nassfutter", "description": "Maßgeschneiderte Ernährung Umfassende Pflege Hochwertige Zutaten"}
{"url": "https://www.fressnapf.de/p/i-love-my-cat-sparset-fuer-birma-katze-1767192/", "product_name": "I love my cat Sparset für Birma-Katze", "brand": "I love my cat Nassfutter", "regular_price": 0.0, "selling_price": 40.92, "price_per_unit": 0.0, "breadcrumbs": "Katze > Katzenfutter > Nassfutter", "description": "Maßgeschneiderte Ernährung Umfassende Pflege Hochwertige Zutaten"}
{"url": "https://www.fressnapf.de/p/tjure-katze-lamm-und-reis-1342730/", "product_name": "Tjure Katze Lamm und Reis", "brand": "Tjure Snacks", "regular_price": 0.0, "selling_price": 40.94, "price_per_unit": 0.0, "breadcrumbs": "Katze > Katzenfutter > Snacks", "description": "100 % LEBENSMITTELQUALITÄT 26 % MUSKELFLEISCH IDEAL ALS FUTTERTOPPING"}
{"url": "https://www.fressnapf.de/p/dr-clauders-stripes-snack-pferd--10x-80g-1676582/", "product_name": "Dr. Clauder's Stripes Snack Pferd -10x 80g", "brand": "Dr. Clauder's Snacks", "regular_price": 0.0, "selling_price": 41.9, "price_per_unit": 0.0, "breadcrumbs": "Hund > Hundefutter > Snacks", "description": "95% hochwertiges Pferdefleisch für maximale Proteinversorgung. Ideal für Hunde und Katzen, schonend dampfgetrocknet. Angereichert mit FOS zur Unterstützung der Verdauung."}
{"url": "https://www.fressnapf.de/p/dr-clauders-best-filet-no-06-haehnchenbrust--haehnchenleber---24x-70g-1354409/", "product_name": "Dr. Clauder's Best Filet No. 06 Hähnchenbrust & Hähnchenleber - 24x 70g", "brand": "Dr. Clauder's Nassfutter", "regular_price": 0.0, "selling_price": 42.96, "price_per_unit": 0.0, "breadcrumbs": "Katze > Katzenfutter > Nassfutter", "description": "Reich an Vitamin B12 & Folsäure: Fördert den Knochenbau und die Gesundheit. Intensiver Geschmack: Hähnchenleber als Delikatesse für anspruchsvolle Katzen. Ohne Zusatzstoffe: Frei von Konservierungsmitteln und Geschmacksverstärkern."}
{"url": "https://www.fressnapf.de/p/dr-clauders-best-filet-no-05-thunfisch--garnelen---24x-70g-1354408/", "product_name": "Dr. Clauder's Best Filet No. 05 Thunfisch & Garnelen - 24x 70g", "brand": "Dr. Clauder's Nassfutter", "regular_price": 0.0, "selling_price": 42.96, "price_per_unit": 0.0, "breadcrumbs": "Katze > Katzenfutter > Nassfutter", "description": "Reich an Omega-3: Unterstützt das Immunsystem und fördert die Gesundheit. Mit Garnelen & Jod: Fördert den Stoffwechsel und enthält wertvolle Mineralstoffe. Ohne Zusatzstoffe: Frei von Konservierungsmitteln und Geschmacksverstärkern."}
{"url": "https://www.fressnapf.de/p/dr-clauders-best-filet-no-07-haehnchenbrust--lachs---24x-70g-1354410/", "product_name": "Dr. Clauder's Best Filet No. 07 Hähnchenbrust & Lachs - 24x 70g", "brand": "Dr. Clauder's Nassfutter", "regular_price": 0.0, "selling_price": 42.96, "price_per_unit": 0.0, "breadcrumbs": "Katze > Katzenfutter > Nassfutter", "description": "Reich an Eiweiß & Vitamin B3: Unterstützt den Stoffwechsel und fördert die Gesundheit. Mit Lachs & Mineralstoffen: Liefert Kalzium und Magnesium für starke Knochen und Zähne. Ohne Zusatzstoffe: Frei von Konservierungsmitteln und Geschmacksverstärkern."}
{"url": "https://www.fressnapf.de/p/dr-clauders-best-filet-no-08-haehnchenbrust--garnelen---24x-70g-1354411/", "product_name": "Dr. Clauder's Best Filet No. 08 Hähnchenbrust & Garnelen - 24x 70g", "brand": "Dr. Clauder's Nassfutter", "regular_price": 0.0, "selling_price": 42.96, "price_per_unit": 0.0, "breadcrumbs": "Katze > Katzenfutter > Nassfutter", "description": "Reich an Eiweiß & Vitamin B3: Unterstützt den Stoffwechsel und fördert die Gesundheit. Mit Garnelen & Jod: Fördert den Stoffwechsel und enthält wertvolle Mineralstoffe. Ohne Zusatzstoffe: Frei von Konservierungsmitteln und Geschmacksverstärkern."}
{"url": "https://www.fressnapf.de/p/dr-clauders-best-filet-no-04-thunfisch--lachs---24x-70g-1354407/", "product_name": "Dr. Clauder's Best Filet No. 04 Thunfisch & Lachs - 24x 70g", "brand": "Dr. Clauder's Nassfutter", "regular_price": 0.0, "selling_price": 42.96, "price_per_unit": 0.0, "breadcrumbs": "Katze > Katzenfutter > Nassfutter", "description": "Reich an Omega-3: Unterstützt das Immunsystem und fördert die Gesundheit. Mit Lachs & Mineralstoffen: Liefert Kalzium und Magnesium für starke Knochen und Zähne. Mit Lachs & Mineralstoffen: Liefert Kalzium und Magnesium für starke Knochen und Zähne."}
{"url": "https://www.fressnapf.de/p/sanoro-pures-fleisch-vom-bio-huhn-mit-5--leber-12x400g-1808169/", "product_name": "Sanoro Pures Fleisch vom BIO-Huhn mit 5 % Leber 12x400g", "brand": "Sanoro Hundenassfutter", "regular_price": 0.0, "selling_price": 43.08, "price_per_unit": 0.0, "breadcrumbs": "Hund > Hundefutter > Hundenassfutter", "description": "getreidefrei, glutenfrei, salzfrei Zutaten in Lebensmittelqualität Ohne Zusatz künstlicher Vitamine, Mineralien oder Bindemittel"}
{"url": "https://www.fressnapf.de/p/i-love-my-cat-sparset-fuer-devon-rex-1767195/", "product_name": "I love my cat Sparset für Devon Rex", "brand": "I love my cat Nassfutter", "regular_price": 0.0, "selling_price": 43.1, "price_per_unit": 0.0, "breadcrumbs": "Katze > Katzenfutter > Nassfutter", "description": "Maßgeschneiderte Ernährung Umfassende Pflege Hochwertige Zutaten"}
{"url": "https://www.fressnapf.de/p/i-love-my-cat-sparset-fuer-britisch-langhaar-1767193/", "product_name": "I love my cat Sparset für Britisch Langhaar", "brand": "I love my cat Nassfutter", "regular_price": 0.0, "selling_price": 43.36, "price_per_unit": 0.0, "breadcrumbs": "Katze > Katzenfutter > Nassfutter", "description": "Maßgeschneiderte Ernährung Umfassende Pflege Hochwertige Zutaten"}
{"url": "https://www.fressnapf.de/p/macs-cat-adult-trockenfutter-ente-pute--huhn-7kg-1251936/", "product_name": "MAC's Cat Adult Trockenfutter Ente, Pute & Huhn 7kg", "brand": "MAC's Trockenfutter", "regular_price": 57.1, "selling_price": 43.99, "price_per_unit": 6.28, "breadcrumbs": "Katze > Katzenfutter > Trockenfutter", "description": "Made in Germany Getreidefrei Glutenfrei"}
{"url": "https://www.fressnapf.de/p/macs-cat-kitten-trockenfutter-gefluegel-7kg-1251933/", "product_name": "MAC's Cat Trockenfutter Katze Kitten Geflügel 7 g", "brand": "MAC's Trockenfutter", "regular_price": 59.99, "selling_price": 43.99, "price_per_unit": 6.28, "breadcrumbs": "Katze > Katzenfutter > Trockenfutter", "description": "Made in Germany Getreidefrei Glutenfrei"}
{"url": "https://www.fressnapf.de/p/reavet-omega-3-lachsoel-5l-1713443/", "product_name": "REAVET Omega-3 Lachsöl 5L", "brand": "REAVET Ergänzungsfutter & Aufzucht", "regular_price": 0.0, "selling_price": 44.9, "price_per_unit": 0.0, "breadcrumbs": "Hund > Hundefutter > Ergänzungsfutter & Aufzucht", "description": "Besonders reich an Omega-3 & 6-Fettsäuren Förderung der Gelenkfunktion Glänzendes Fell und vitale Haut"}
{"url": "https://www.fressnapf.de/p/husse-sterilised-pastete-24-dosen-je-400-g-ausgewogene-mahlzeit-mit-taurinzusatz-fuer-sterilisierte-katzen-1746910/", "product_name": "husse Sterilised Pastete 24 Dosen je 400 g. ausgewogene Mahlzeit mit Taurinzusatz für sterilisierte Katzen", "brand": "husse Nassfutter", "regular_price": 0.0, "selling_price": 47.76, "price_per_unit": 0.0, "breadcrumbs": "Katze > Katzenfutter > Nassfutter", "description": "hoher Fleischanteil hohe Feuchtigkeit 100% Lebensmittelqualität"}
{"url": "https://www.fressnapf.de/p/cdvet-darmaktiv-hund--katze-1669873/", "product_name": "cdVet DarmAktiv Hund & Katze", "brand": "cdVet Ergänzungsfutter & Aufzucht", "regular_price": 0.0, "selling_price": 48.95, "price_per_unit": 0.0, "breadcrumbs": "Hund > Hundefutter > Ergänzungsfutter & Aufzucht", "description": "Zur Unterstützung der Darmflora Fütterungsbedingten Unterstützung der Darmflora und des Immunsystems 100% Naturprodukt"}
{"url": "https://www.fressnapf.de/p/dr-clauders-barf-komplett-menue-fisch-pfaennchen---12x-400g-1373600/", "product_name": "Dr. Clauder's B.A.R.F. Komplett Menue Fisch-Pfännchen - 12x 400g", "brand": "Dr. Clauder's Nassfutter", "regular_price": 0.0, "selling_price": 49.08, "price_per_unit": 0.0, "breadcrumbs": "Katze > Katzenfutter > Nassfutter", "description": "Single-Protein: Ideal für empfindliche Katzen. Naturnah: 100% Lachs und Weißfisch, ergänzt mit Karotten. Einfache Handhabung: Schonend eingekochte Komplett Menüs für den puren BARF-Genuss."}
{"url": "https://www.fressnapf.de/p/dr-clauders-barf-komplett-menue-lammkarree---12x-400g-1373602/", "product_name": "Dr. Clauder's B.A.R.F. Komplett Menue Lammkarree - 12x 400g", "brand": "Dr. Clauder's Nassfutter", "regular_price": 0.0, "selling_price": 49.08, "price_per_unit": 0.0, "breadcrumbs": "Katze > Katzenfutter > Nassfutter", "description": "Single-Protein: Ideal für empfindliche Katzen. Naturnah: 100% Lamm mit Süßkartoffeln und Ölen. Einfache Handhabung: Schonend eingekochte Komplett Menüs für den puren BARF-Genuss."}
{"url": "https://www.fressnapf.de/p/dr-clauders-barf-komplett-menue-wild-schmortopf-1373601/", "product_name": "Dr. Clauder's B.A.R.F. Komplett Menue Wild Schmortopf", "brand": "Dr. Clauder's Nassfutter", "regular_price": 0.0, "selling_price": 49.08, "price_per_unit": 0.0, "breadcrumbs": "Katze > Katzenfutter > Nassfutter", "description": "Single-Protein Rezeptur für Allergiker Natürliche Öle für optimale Nährstoffversorgung 100% Wild und Süßkartoffeln für naturnahe Ernährung"}
{"url": "https://www.fressnapf.de/p/tjure-relax-plus--2-flaschen-tjure-1722083/", "product_name": "Tjure Relax Plus + 2 Flaschen Tjure", "brand": "Tjure Snacks", "regular_price": 0.0, "selling_price": 49.99, "price_per_unit": 0.0, "breadcrumbs": "Hund > Hundefutter > Snacks", "description": "hochwirksame Inhaltsstoffe"}
{"url": "https://www.fressnapf.de/p/macs-cat-mono-adult-trockenfutter-frisches-kaninchen-7kg-1251942/", "product_name": "MAC's Cat Mono Trockenfutter Katze Adult Kaninchen 7 kg", "brand": "MAC's Trockenfutter", "regular_price": 64.99, "selling_price": 49.99, "price_per_unit": 7.14, "breadcrumbs": "Katze > Katzenfutter > Trockenfutter", "description": "Made in Germany Getreidefrei Glutenfrei"}
{"url": "https://www.fressnapf.de/p/fortan-dicalciumphosphat-barf-zusatz-3-kg-1711676/", "product_name": "Fortan Dicalciumphosphat BARF Zusatz 3 kg", "brand": "Fortan Ergänzungsfutter & Aufzucht", "regular_price": 0.0, "selling_price": 22.9, "price_per_unit": 0.0, "breadcrumbs": "Hund > Hundefutter > Ergänzungsfutter & Aufzucht", "description": "Ausgewogenes Calcium-Phosphor-Verhältnis 1,3:1 Versorgung von Knochengerüst und Zähnen Bedarfsgerechte Versorgung beim Barfen"}
{"url": "https://www.fressnapf.de/p/reavet-gruenlippmuschel-extrakt-1kg-1713388/", "product_name": "REAVET Grünlippmuschel Extrakt 1kg", "brand": "REAVET Ergänzungsfutter & Aufzucht", "regular_price": 0.0, "selling_price": 51.9, "price_per_unit": 0.0, "breadcrumbs": "Hund > Hundefutter > Ergänzungsfutter & Aufzucht", "description": "100% reines Pulver aus neuseeländischen Muscheln (Perna canaliculus) Besonders hoher Gehalt an Glykosaminoglykane (GAG) Für Bewegungsfreude"}
{"url": "https://www.fressnapf.de/p/nd-farmina-prime-adult-fuer-kastrierte-katzen-300-g-1173555/", "product_name": "N&D Farmina Prime Adult für kastrierte Katzen 300 g", "brand": "N&D Farmina Trockenfutter", "regular_price": 0.0, "selling_price": 7.49, "price_per_unit": 0.0, "breadcrumbs": "Katze > Katzenfutter > Trockenfutter", "description": "Alleinfutter für ausgewachsene, kastrierte Katzen Frei von künstlichen Zusätzen Getreidefreie Rezeptur"}
{"url": "https://www.fressnapf.de/p/dr-clauders-high-premium-kitten-1380451/", "product_name": "Dr. Clauder's High Premium Kitten", "brand": "Dr. Clauder's Trockenfutter", "regular_price": 0.0, "selling_price": 54.99, "price_per_unit": 0.0, "breadcrumbs": "Katze > Katzenfutter > Trockenfutter", "description": "Hochwertige Proteinquellen: Unterstützt ein gesundes Wachstum Taurinreich: Fördert die Entwicklung von Kätzchen Ohne Weizen: Perfekt für Kätzchen mit Unverträglichkeiten"}
{"url": "https://www.fressnapf.de/p/i-love-my-cat-sparset-fuer-maine-coon-1767198/", "product_name": "I love my cat Sparset für Maine Coon", "brand": "I love my cat Nassfutter", "regular_price": 0.0, "selling_price": 55.7, "price_per_unit": 0.0, "breadcrumbs": "Katze > Katzenfutter > Nassfutter", "description": "Maßgeschneiderte Ernährung Umfassende Pflege Hochwertige Zutaten"}
{"url": "https://www.fressnapf.de/p/i-love-my-cat-sparset-fuer-norwegische-waldkatze-1767199/", "product_name": "I love my cat Sparset für Norwegische Waldkatze", "brand": "I love my cat Trockenfutter", "regular_price": 0.0, "selling_price": 55.78, "price_per_unit": 0.0, "breadcrumbs": "Katze > Katzenfutter > Trockenfutter", "description": "Maßgeschneiderte Ernährung Umfassende Pflege Hochwertige Zutaten"}
{"url": "https://www.fressnapf.de/p/advance-kroketten-mit-huhn-und-reis-10-kg-1373948/", "product_name": "ADVANCE Kroketten mit Huhn und Reis 10 kg", "brand": "ADVANCE Trockenfutter", "regular_price": 0.0, "selling_price": 55.99, "price_per_unit": 0.0, "breadcrumbs": "Katze > Katzenfutter > Trockenfutter", "description": "Spezial: Pflege - Form Hoch verdaulich Spezielles mit den neusten Erkenntnissen über Katzenernährung hergestelltes Futter"}
{"url": "https://www.fressnapf.de/p/hills-prescription-diet-on-care-mit-huhn-2x15-kg-1804954/", "product_name": "Hill's Prescription Diet ON-Care mit Huhn 2x1,5 kg", "brand": "Hill's", "regular_price": 60.8, "selling_price": 57.99, "price_per_unit": 19.33, "breadcrumbs": "PLP > VET Diäten > Katze > Schonkost", "description": "Entwickelt mit einem unwiderstehlichen Geschmack, um den Appetit ab der ersten Portion anzuregen Optimales, kalorienreiches Futter mit leicht verdaulichem Protein zur Erhaltung von Kraft und Energie im Alltag Einzigartige ActivBiome+ Mischung, für ein gesundes Gleichgewicht im Mikrobiom des Magen-Darm-Trakts"}
{"url": "https://www.fressnapf.de/p/nd-farmina-pumpkin-adult-fuer-kastrierte-katzen-15-kg-1277711/", "product_name": "N&D Farmina Pumpkin Adult für kastrierte Katzen 1,5 kg", "brand": "N&D Farmina Trockenfutter", "regular_price": 0.0, "selling_price": 26.49, "price_per_unit": 0.0, "breadcrumbs": "Katze > Katzenfutter > Trockenfutter", "description": "Natürlicher & leckerer Kürbis Langlebige, hochwertige Vitamine 96% Proteine tierischen Ursprungs"}
{"url": "https://www.fressnapf.de/p/nd-farmina-ocean-adult-fuer-kastrierte-katzen-5-kg-1662894/", "product_name": "N&D Farmina Ocean Adult für kastrierte Katzen 5 kg", "brand": "N&D Farmina Trockenfutter", "regular_price": 0.0, "selling_price": 59.99, "price_per_unit": 0.0, "breadcrumbs": "Katze > Katzenfutter > Trockenfutter", "description": "Niedriger glykämischer Index Ohne künstliche Konservierungsstoffe \"Cold Infusion\" Technologie"}
{"url": "https://www.fressnapf.de/p/nd-farmina-quinoa-digestion-5-kg-1662855/", "product_name": "N&D Farmina Quinoa Digestion 5 kg", "brand": "N&D Farmina Trockenfutter", "regular_price": 0.0, "selling_price": 59.99, "price_per_unit": 0.0, "breadcrumbs": "Katze > Katzenfutter > Trockenfutter", "description": "Ohne Getreide Ohne künstliche Konservierungsstoffe \"Cold Infusion\" Technologie"}
{"url": "https://www.fressnapf.de/p/nd-farmina-quinoa-adult-skin--coat-5-kg-1662853/", "product_name": "N&D Farmina Quinoa Adult Skin & Coat 5 kg", "brand": "N&D Farmina Trockenfutter", "regular_price": 0.0, "selling_price": 60.99, "price_per_unit": 0.0, "breadcrumbs": "Katze > Katzenfutter > Trockenfutter", "description": "Ohne Getreide Ohne künstliche Konservierungsstoffe \"Cold Infusion\" Technologie"}
{"url": "https://www.fressnapf.de/p/bellfor-trockenfutter-fuer-hunde-mit-huhn-wiesen-schmaus---10-kg-1766957/", "product_name": "Bellfor Trockenfutter für Hunde mit Huhn Wiesen-Schmaus - 10 kg", "brand": "Bellfor Hundetrockenfutter", "regular_price": 0.0, "selling_price": 62.69, "price_per_unit": 0.0, "breadcrumbs": "Hund > Hundefutter > Hundetrockenfutter", "description": "Getreidefreies hundetrockenfutter Wiesen-Schmaus hergestellt im kaltpressverfahren sehr bekömmlich und enthält nur eine proteinquelle Kaltgepresst trockenfutter für hunde Wiesen-Schmaus enthält anteil an Omega-3-Fettsäuren und inulien (FOS) für eine gesunde darmflora Hundefutter kaltgepresst Wiesen-Schmaus optimal für ernährungssensible hunde und enthält 71% frisches hühnerfleisch"}
{"url": "https://www.fressnapf.de/p/hills-science-plan-culinary-creations-adult-lachs-und-karotten-15-kg-1419671/", "product_name": "Hill's SCIENCE PLAN Culinary Creations Adult Lachs und Karotten 1,5 kg", "brand": "Hill's Trockenfutter", "regular_price": 19.99, "selling_price": 16.79, "price_per_unit": 11.19, "breadcrumbs": "Katze > Katzenfutter > Trockenfutter", "description": "100 % ausgewogene Ernährung mit köstlichen Zutaten Hochwertiges Lachsprotein für schlanke Muskeln Zur Unterstützung der Nieren und der Blase"}
{"url": "https://www.fressnapf.de/p/tjure-consomm-12er-pack-1703131/", "product_name": "Tjure Consommé 12er Pack", "brand": "Tjure Snacks", "regular_price": 0.0, "selling_price": 64.88, "price_per_unit": 0.0, "breadcrumbs": "Hund > Hundefutter > Snacks", "description": "Laktosefrei Getreide- & Glutenfrei"}
{"url": "https://www.fressnapf.de/p/hills-hills-science-plan-hypoallergenic-adult-mit-insektenprotein-7-kg-1663372/", "product_name": "Hill's Hills Science Plan Hypoallergenic Adult mit Insektenprotein 7 kg", "brand": "Hill's Trockenfutter", "regular_price": 82.99, "selling_price": 69.99, "price_per_unit": 10.0, "breadcrumbs": "Katze > Katzenfutter > Trockenfutter", "description": "ohne Getreide hochwertige, neuartige Proteinquellen für Katzen mit empfindlicher Haut und empfindlichem Magen"}
{"url": "https://www.fressnapf.de/p/reavet-gruenlippmuschel-pulver-1kg-1713387/", "product_name": "REAVET Grünlippmuschel Pulver 1kg", "brand": "REAVET Ergänzungsfutter & Aufzucht", "regular_price": 0.0, "selling_price": 71.9, "price_per_unit": 0.0, "breadcrumbs": "Hund > Hundefutter > Ergänzungsfutter & Aufzucht", "description": "Hoher Gehalt an Glykosaminoglykane reich an wertvollen Omega-3-Fettsäuren Zur Gesunderhaltung der Gelenke"}
{"url": "https://www.fressnapf.de/p/husse-48-dosen-je-80-g-huehnchen-in-gelee-1746862/", "product_name": "husse 48 Dosen je 80 g. Hühnchen in Gelee", "brand": "husse Nassfutter", "regular_price": 0.0, "selling_price": 72.0, "price_per_unit": 0.0, "breadcrumbs": "Katze > Katzenfutter > Nassfutter", "description": "hoher Fleischanteil hohe Feuchtigkeit 100% Lebensmittelqualität"}
{"url": "https://www.fressnapf.de/p/aniforte-gruenlippmuschelpulver-1-kg-1781183/", "product_name": "AniForte Grünlippmuschelpulver 1 kg", "brand": "AniForte Ergänzungsfutter & Aufzucht", "regular_price": 0.0, "selling_price": 79.99, "price_per_unit": 0.0, "breadcrumbs": "Hund > Hundefutter > Ergänzungsfutter & Aufzucht", "description": "Gesunderhaltung der Gelenke für Agilität & Bewegung Vollfettqualität – nicht entfettet Grünlippmuschel aus Neuseeland"}
{"url": "https://www.fressnapf.de/p/royal-canin-maine-coon-adult-10kg--multipack-for-free-1449456/", "product_name": "ROYAL CANIN Maine Coon Adult 10kg + Multipack for free", "brand": "ROYAL CANIN Nassfutter", "regular_price": 0.0, "selling_price": 83.99, "price_per_unit": 0.0, "breadcrumbs": "Katze > Katzenfutter > Nassfutter", "description": "Hilft bei der Unterstützung der Gelenke Fördert die Herzfunktion Unterstützt gesunde Haut und schönes Fell"}
{"url": "https://www.fressnapf.de/p/royal-canin-persian-adult-10kg--multipack-for-free-1449443/", "product_name": "ROYAL CANIN Persian Adult 10kg + Multipack for free", "brand": "ROYAL CANIN Nassfutter", "regular_price": 0.0, "selling_price": 83.99, "price_per_unit": 0.0, "breadcrumbs": "Katze > Katzenfutter > Nassfutter", "description": "Perfekt geeignet für Langhaarkatzen Reduziert Haarballenbildung Optimale Verdauung"}
{"url": "https://www.fressnapf.de/p/royal-canin-sterilised-37-10kg--multipack-for-free-1449449/", "product_name": "ROYAL CANIN Sterilised 37 10kg + Multipack for free", "brand": "ROYAL CANIN Nassfutter", "regular_price": 0.0, "selling_price": 72.99, "price_per_unit": 0.0, "breadcrumbs": "Katze > Katzenfutter > Nassfutter", "description": "Trägt zum Erhalt des idealen Körpergewichts bei Unterstützt die Harnwegsfunktion Hilft dank eines hohen Proteingehalts die Muskelmasse zu erhalten"}
{"url": "https://www.fressnapf.de/p/royal-canin-sensible-33-10kg--multipack-for-free-1449445/", "product_name": "ROYAL CANIN Sensible 33 10kg + Multipack for free", "brand": "ROYAL CANIN Nassfutter", "regular_price": 0.0, "selling_price": 72.99, "price_per_unit": 0.0, "breadcrumbs": "Katze > Katzenfutter > Nassfutter", "description": "Fördert eine optimale Verdauung Regt dank hoher Schmackhaftigkeit die Nahrungsaufnahme an Perfekt geeignet für Katzen mit hohem Energiebedarf"}
{"url": "https://www.fressnapf.de/p/royal-canin-hair--skin-care-10kg--multipack-for-free-1449444/", "product_name": "ROYAL CANIN Hair & Skin Care 10kg + Multipack for free", "brand": "ROYAL CANIN Nassfutter", "regular_price": 0.0, "selling_price": 87.99, "price_per_unit": 0.0, "breadcrumbs": "Katze > Katzenfutter > Nassfutter", "description": "Hilft bei der Unterstützung einer gesunden Haut Hilft, ein glänzendes Fell zu unterstützen Nachweisbare Ergebnisse"}
{"url": "https://www.fressnapf.de/p/royal-canin-hairball-care-10kg--multipack-for-free-1449457/", "product_name": "ROYAL CANIN Hairball Care 10kg + Multipack for free", "brand": "ROYAL CANIN Nassfutter", "regular_price": 0.0, "selling_price": 84.99, "price_per_unit": 0.0, "breadcrumbs": "Katze > Katzenfutter > Nassfutter", "description": "Eine ausgewogene Nährstoffformel zur Reduzierung der Haarballenbildung Enthält natürliche Ballaststoffe, die die Darmtätigkeit anregen Nachweisbare Ergebnisse"}
{"url": "https://www.fressnapf.de/p/royal-canin-fit-32-10kg--multipack-for-free-1449447/", "product_name": "ROYAL CANIN Fit 32 10kg + Multipack for free", "brand": "ROYAL CANIN Nassfutter", "regular_price": 0.0, "selling_price": 72.49, "price_per_unit": 0.0, "breadcrumbs": "Katze > Katzenfutter > Nassfutter", "description": "Bietet ein optimales Nährstoffprofil Erhält das Idealgewicht Trägt zur Reduzierung von Haarballenbildung bei"}
{"url": "https://www.fressnapf.de/p/canina-rinderfett-pulver-250g-1267768/", "product_name": "Canina Rinderfett Pulver 250g", "brand": "Canina Ergänzungsfutter & Aufzucht", "regular_price": 0.0, "selling_price": 12.99, "price_per_unit": 0.0, "breadcrumbs": "Hund > Hundefutter > Ergänzungsfutter & Aufzucht", "description": "Natürliche Fettquelle Keine Zusatzstoffe Zur optimalen Körperentwicklung"}
{"url": "https://www.fressnapf.de/p/canina-petvital-bio-insect-shocker-100ml-1024445/", "product_name": "Canina PETVITAL Bio-Insect-Shocker 100ml", "brand": "Canina Ergänzungsfutter & Aufzucht", "regular_price": 0.0, "selling_price": 7.49, "price_per_unit": 0.0, "breadcrumbs": "Hund > Hundefutter > Ergänzungsfutter & Aufzucht", "description": "Biologisch gegen Flöhe, Läuse, Haarlinge, Milben und Zecken Vertreibt Parasiten nach erster Anwendung nachhaltig"}
{"url": "https://www.fressnapf.de/p/canina-cellulose-pulver-400g-1291677/", "product_name": "Canina Cellulose Pulver 400g", "brand": "Canina Ergänzungsfutter & Aufzucht", "regular_price": 0.0, "selling_price": 12.99, "price_per_unit": 0.0, "breadcrumbs": "Hund > Hundefutter > Ergänzungsfutter & Aufzucht", "description": "Für einen gesunden Magen-Darm Trakt Zur Erleichterung der Gewichtsreduktion Zur Verbesserung der Kotkonsistenz"}
{"url": "https://www.fressnapf.de/p/canina-rinderblutpulver-250g-1291077/", "product_name": "Canina Rinderblutpulver 250g", "brand": "Canina Ergänzungsfutter & Aufzucht", "regular_price": 0.0, "selling_price": 7.49, "price_per_unit": 0.0, "breadcrumbs": "Hund > Hundefutter > Ergänzungsfutter & Aufzucht", "description": "Beugt Eisenmangel vor Verbessert das Leistungsvermögen"}
{"url": "https://www.fressnapf.de/p/canina-petvital-bach-blueten---nr-6-verlust-10g-1192009/", "product_name": "Canina Petvital Bach-Blüten - Nr. 6 Verlust 10g", "brand": "Canina Ergänzungsfutter & Aufzucht", "regular_price": 0.0, "selling_price": 10.99, "price_per_unit": 0.0, "breadcrumbs": "Hund > Hundefutter > Ergänzungsfutter & Aufzucht", "description": "Hilfe bei Verlust der Bezugsperson Ohne Alkohol Es sind keine Nebenwirkungen bekannt"}
{"url": "https://www.fressnapf.de/p/hills-science-plan-perfect-digestion-mit-huhn-12x85g-1398324/", "product_name": "Hill's Science Plan Perfect Digestion, mit Huhn 12x85g", "brand": "Hill's Nassfutter", "regular_price": 18.99, "selling_price": 16.99, "price_per_unit": 16.66, "breadcrumbs": "Katze > Katzenfutter > Nassfutter", "description": "Das Katzenfutter ermöglicht regelmäßigen Kotabsatz durch die präbiotische Mischung Das Katzennassfutter liefert einen ausgewogenen Nährstoffgehalt Die Katzennahrung enthält hochwertiges Protein und Antioxidantien"}
{"url": "https://www.fressnapf.de/p/doppelherz-anti-hairball-complex-5in1-25x10g-1418861/", "product_name": "Doppelherz Anti-Hairball Complex 5in1 25x10g", "brand": "Doppelherz Ergänzungsfutter & Aufzucht", "regular_price": 0.0, "selling_price": 14.99, "price_per_unit": 0.0, "breadcrumbs": "Katze > Katzenfutter > Ergänzungsfutter & Aufzucht", "description": "Anti-Hairball-Formel zur Unterstützung der Verdauung der Katze Kann den natürlichen Abgang verschluckter Haare fördern Kann die Bildung von Haarballen reduzieren"}
{"url": "https://www.fressnapf.de/p/gourmet-gold-zarte-haeppchen-12x85g-lachs--huhn-1101314/", "product_name": "GOURMET Gold Zarte Häppchen 12x85g Lachs & Huhn", "brand": "GOURMET Nassfutter", "regular_price": 7.8, "selling_price": 7.19, "price_per_unit": 7.05, "breadcrumbs": "Katze > Katzenfutter > Nassfutter", "description": "Gourmet-Genuss für anspruchsvolle Katzen Zarte Stückchen in einer delikaten Sauce Ohne Zusatz künstlicher Farbstoffe, Konservierungsstoffe und Aromen"}
{"url": "https://www.fressnapf.de/p/sheba-delikatesse-in-gelee-40x85g-1276706001/", "product_name": "Sheba Delikatesse in Gelee 40x85g", "brand": "Sheba Nassfutter", "regular_price": 27.99, "selling_price": 24.99, "price_per_unit": 7.35, "breadcrumbs": "Katze > Katzenfutter > Nassfutter", "description": "ohne künstliche Farb-, Aroma- und Konservierungsstoffe feine Stückchen in saftigem Gelee schonend zubereitet mit ausgewählten Zutaten"}
{"url": "https://www.fressnapf.de/p/premiere-soft-mousse-sensual-adult-multipack-8x85-g-1276910001/", "product_name": "PREMIERE Soft Mousse Sensual Adult Multipack 8x85 g", "brand": "PREMIERE Nassfutter", "regular_price": 0.0, "selling_price": 4.19, "price_per_unit": 0.0, "breadcrumbs": "Katze > Katzenfutter > Nassfutter", "description": "Ohne Zusatz von Zucker, Farb-und Aromastoffen Enthält vier verschiedene Sorten Eine raffinierte Komposition aus Ragout in Sauce, gebettet auf Mousse"}
{"url": "https://www.fressnapf.de/p/premiere-royal-ragout-pute-16x100-g-1100967/", "product_name": "PREMIERE Royal Ragout Pute 16x100 g", "brand": "PREMIERE Nassfutter", "regular_price": 0.0, "selling_price": 9.44, "price_per_unit": 0.0, "breadcrumbs": "Katze > Katzenfutter > Nassfutter", "description": "Hohe Akzeptanz Mit wertvollem Taurin verschiedene leckere Sorten"}
{"url": "https://www.fressnapf.de/p/catz-finefood-nassfutter-katze-classic-adult-6x200-g-multipack-1-1219245001/", "product_name": "Catz finefood Nassfutter Katze Classic Adult 6x200 g Multipack 1", "brand": "Catz finefood Nassfutter", "regular_price": 0.0, "selling_price": 8.49, "price_per_unit": 0.0, "breadcrumbs": "Katze > Katzenfutter > Nassfutter", "description": "100% offen deklariert zuckerfrei getreidefreie Rezeptur ,sehr viel Fleisch"}
{"url": "https://www.fressnapf.de/p/multifit-adult-jelly-duo-fish--classic-mix-multipack-xxl-92x100g-1311815/", "product_name": "MultiFit Adult Jelly Duo Fish & Classic Mix Multipack XXL 92x100g", "brand": "MultiFit Nassfutter", "regular_price": 0.0, "selling_price": 19.99, "price_per_unit": 0.0, "breadcrumbs": "Katze > Katzenfutter > Nassfutter", "description": "Mit Taurin zur Unterstützung der Herz- und Sehfunktion Für ein glänzendes Fell und eine schöne Haut Für eine gute Verdauung"}
{"url": "https://www.fressnapf.de/p/premiere-myjelly-huhnkaesekatzengras-6x10g-1348217/", "product_name": "PREMIERE MyJelly Huhn,Käse&Katzengras 6x10g", "brand": "PREMIERE Snacks", "regular_price": 0.0, "selling_price": 1.69, "price_per_unit": 0.0, "breadcrumbs": "Katze > Katzenfutter > Snacks", "description": "Softer Riegel 6 servierfertige Portionsbeutel Ohne Zusatz von Zucker, künstlichen Farbstoffen und Konservierungsmitteln"}
{"url": "https://www.fressnapf.de/p/purina-one-senior7-26x85g-1295639/", "product_name": "Purina ONE Senior7 26x85g", "brand": "Purina ONE Nassfutter", "regular_price": 0.0, "selling_price": 21.99, "price_per_unit": 0.0, "breadcrumbs": "Katze > Katzenfutter > Nassfutter", "description": "Mit qualitativen hochwertigen Huhn als Proteinquelle und für den guten Geschmack Unterstützt die Vitalfunktionen und die Gesundheit des Körpers Stärkt die natürlichen Abwehrkräfte"}
{"url": "https://www.fressnapf.de/p/gimcat-pudding-classic-8x150g-1100410/", "product_name": "GimCat Pudding Classic 8x150g", "brand": "GimCat Snacks", "regular_price": 0.0, "selling_price": 11.89, "price_per_unit": 0.0, "breadcrumbs": "Katze > Katzenfutter > Snacks", "description": "laktosereduziert Extra-Portion Calcium"}
{"url": "https://www.fressnapf.de/p/gourmet-perle-erlesene-streifen-in-sauce-sorten-mix-60x85g-1245152/", "product_name": "GOURMET Perle Erlesene Streifen in Sauce Sorten-Mix 60x85g", "brand": "GOURMET Nassfutter", "regular_price": 33.99, "selling_price": 30.99, "price_per_unit": 6.08, "breadcrumbs": "Katze > Katzenfutter > Nassfutter", "description": "Sorgfältig ausgewählte Zutaten wurden schonend gegart Sorten: Lachs, Kaninchen, Huhn, Rind Ohne Zusatz künstlicher Farb-, Konservierungs- und Aromastoffe"}
{"url": "https://www.fressnapf.de/p/royal-canin-veterinary-diabetic-12x85g-1323935/", "product_name": "ROYAL CANIN Veterinary Diabetic 12x85g", "brand": "ROYAL CANIN", "regular_price": 0.0, "selling_price": 18.19, "price_per_unit": 0.0, "breadcrumbs": "PLP > VET Diäten > Katze > Diabetes", "description": "Glukomodulation Hoher Proteingehalt Geringer Stärkeanteil"}
{"url": "https://www.fressnapf.de/p/catz-finefood-nassfutter-katze-purrrr-adult-no107-kaenguru-6x800-g-1244957/", "product_name": "Catz finefood Nassfutter Katze Purrrr Adult No.107 Känguru 6x800 g", "brand": "Catz finefood Nassfutter", "regular_price": 0.0, "selling_price": 23.99, "price_per_unit": 0.0, "breadcrumbs": "Katze > Katzenfutter > Nassfutter", "description": "100% offen deklariert Monoproteinquelle, mit sehr viel Fleisch Mit getreidefreier Rezeptur und zuckerfrei"}
{"url": "https://www.fressnapf.de/p/jr-farm-nature-ball-15g-1173573/", "product_name": "JR Farm Nature Ball 15g", "brand": "JR Farm Snacks", "regular_price": 0.0, "selling_price": 2.99, "price_per_unit": 0.0, "breadcrumbs": "Katze > Katzenfutter > Snacks", "description": "herzhafter Snack für Katzen natürlicher Katzensnack und wiederbefüllbares Spielzeug in einem in verschiedenen Geschmacksrichtungen"}
{"url": "https://www.fressnapf.de/p/mjamjam---probierpaket-5-12x125g-1374426/", "product_name": "MjAMjAM - Probierpaket 5 (12x125g)", "brand": "MjAMjAM Nassfutter", "regular_price": 0.0, "selling_price": 17.99, "price_per_unit": 0.0, "breadcrumbs": "Katze > Katzenfutter > Nassfutter", "description": "Ohne Getreide Ohne Konservierungs- oder Geschmacksstoffe Ohne Zucker"}
{"url": "https://www.fressnapf.de/p/almo-nature-megapack-huehnerfilet-6x70g-1359135/", "product_name": "Almo nature Megapack Hühnerfilet 6x70g", "brand": "Almo nature Nassfutter", "regular_price": 8.7, "selling_price": 5.99, "price_per_unit": 14.26, "breadcrumbs": "Katze > Katzenfutter > Nassfutter", "description": "Natürliches Produkt mit 75% Fleischanteil Glutenfrei Ohne Konservierungs- und Farbstoffe"}
{"url": "https://www.fressnapf.de/p/iams-delights-senior-land--sea-collection-12x85g-1361694/", "product_name": "IAMS Delights Senior Land & Sea Collection 12x85g", "brand": "IAMS Nassfutter", "regular_price": 9.99, "selling_price": 6.49, "price_per_unit": 6.36, "breadcrumbs": "Katze > Katzenfutter > Nassfutter", "description": "Einfach zu kauen für Senior Katzen Enthält hochwertiges tierisches Eiweiß für starke Muskeln Rezeptur mit Taurin für ein gesundes Herz und Sehvermögen"}
{"url": "https://www.fressnapf.de/p/premiere-deluxe-ragout-adult-multipack-12x85g-1371194/", "product_name": "PREMIERE Deluxe Ragout Adult Multipack 12x85g", "brand": "PREMIERE Nassfutter", "regular_price": 0.0, "selling_price": 6.29, "price_per_unit": 0.0, "breadcrumbs": "Katze > Katzenfutter > Nassfutter", "description": "Ohne Zusatz von Soja, Zucker und künstlichen Farbstoffen In verschiedenen Geschmacksrichtungen Getreidefreie Rezeptur"}
{"url": "https://www.fressnapf.de/p/dreamies-x-mas-geschenkbox-120g-1387038/", "product_name": "Dreamies X-Mas Geschenkbox 120g", "brand": "Dreamies Snacks", "regular_price": 0.0, "selling_price": 2.99, "price_per_unit": 0.0, "breadcrumbs": "Katze > Katzenfutter > Snacks", "description": "2 verschiedene Geschmacksrichtungen"}
{"url": "https://www.fressnapf.de/p/applaws-nassfutter-katze-senior-multipack-in-gelee-6x70-g-1228555/", "product_name": "Applaws Nassfutter Katze Senior Multipack in Gelee 6x70 g", "brand": "Applaws Nassfutter", "regular_price": 0.0, "selling_price": 7.19, "price_per_unit": 0.0, "breadcrumbs": "Katze > Katzenfutter > Nassfutter", "description": "Ergänzungsfutter für Senior Katzen im Multipack mit 100% natürlichen Zutaten Hoher Fleisch/Fischanteil bis 75% Frei von Konservierungs-,Aroma- und Farbstoffen"}
{"url": "https://www.fressnapf.de/p/mjamjam---probierpaket-3-12x125g-1374424/", "product_name": "MjAMjAM - Probierpaket 3 (12x125g)", "brand": "MjAMjAM Nassfutter", "regular_price": 0.0, "selling_price": 17.99, "price_per_unit": 0.0, "breadcrumbs": "Katze > Katzenfutter > Nassfutter", "description": "Ohne Getreide Ohne Konservierungs- oder Geschmacksstoffe Ohne Zucker"}
{"url": "https://www.fressnapf.de/p/applaws-nassfutter-katze-adult-multipack-in-bruehe-12x70-g-huehnchenauswahl-1190544/", "product_name": "Applaws Nassfutter Katze Adult Multipack in Brühe 12x70 g Hühnchenauswahl", "brand": "Applaws Nassfutter", "regular_price": 0.0, "selling_price": 12.99, "price_per_unit": 0.0, "breadcrumbs": "Katze > Katzenfutter > Nassfutter", "description": "Ergänzugsfutter im Multipack für Katzen mit 100% natürlichen Zutaten Hoher Fleisch/Fischanteil bis 75% Ohne künstliche Farb- und Geschmackstoffe"}
{"url": "https://www.fressnapf.de/p/happy-cat-minkas-junior-care-gefluegel-15-kg-1312305/", "product_name": "HAPPY CAT Minkas Junior Care Geflügel 1,5 kg", "brand": "HAPPY CAT Trockenfutter", "regular_price": 0.0, "selling_price": 6.49, "price_per_unit": 0.0, "breadcrumbs": "Katze > Katzenfutter > Trockenfutter", "description": "harmonisches Wachstum reduziert Stuhlgeruch viele wertvolle Vitamine"}
{"url": "https://www.fressnapf.de/p/applaws-nassfutter-katze-adult-huehnerbrust--wild-reis-12x70-g-1286835/", "product_name": "Applaws Nassfutter Katze Adult Hühnerbrust & Wild Reis 12x70 g", "brand": "Applaws Nassfutter", "regular_price": 0.0, "selling_price": 11.99, "price_per_unit": 0.0, "breadcrumbs": "Katze > Katzenfutter > Nassfutter", "description": "Ergänzungsfutter für Katzen mit 100% natürlichen Zutaten Hoher Fleisch/Fischanteil bis 75% Frei von Konservierungs-, Aroma- und Farbstoffen"}
{"url": "https://www.fressnapf.de/p/mera-for-all-cats-adult-huhn-400-g-1346212/", "product_name": "mera For all Cats Adult Huhn 400 g", "brand": "mera Trockenfutter", "regular_price": 0.0, "selling_price": 4.49, "price_per_unit": 0.0, "breadcrumbs": "Katze > Katzenfutter > Trockenfutter", "description": "Anti-Haarball artgerechtes Alleinfuttermittel nachhaltig produziert"}
{"url": "https://www.fressnapf.de/p/applaws-nassfutter-katze-adult-multipack-fischvariation-12x70-g-1243949/", "product_name": "Applaws Nassfutter Katze Adult Multipack Fischvariation 12x70 g", "brand": "Applaws Nassfutter", "regular_price": 0.0, "selling_price": 15.29, "price_per_unit": 0.0, "breadcrumbs": "Katze > Katzenfutter > Nassfutter", "description": "Ergänzungsfutter im Multipack für Katzen mit 100% natürlichen Zutaten Hoher Fleisch/Fischanteil bis 75% Frei von Konservierungs-,Aroma- und Farbstoffen"}
{"url": "https://www.fressnapf.de/p/bozita-multibox-fleisch-menue-in-sosse-12x85g-1366573/", "product_name": "BOZITA Multibox Fleisch-Menü in Soße 12x85g", "brand": "BOZITA Nassfutter", "regular_price": 0.0, "selling_price": 13.99, "price_per_unit": 0.0, "breadcrumbs": "Katze > Katzenfutter > Nassfutter", "description": "0% Getreide 100% mit erneuerbaren Energien und schwedischen Zutaten produziert kein Zucker, keine Farbstoffe, keine Konservierungsstoffe"}
{"url": "https://www.fressnapf.de/p/schmusy-nature-meeres-fisch-nassfutter-katze-adult-thunfisch--gemuese-12x185-g-1247873/", "product_name": "Schmusy Nature Meeres-Fisch Nassfutter Katze Adult Thunfisch & Gemüse 12x185 g", "brand": "Schmusy Nassfutter", "regular_price": 13.08, "selling_price": 12.29, "price_per_unit": 5.54, "breadcrumbs": "Katze > Katzenfutter > Nassfutter", "description": "Feine Fischstückchen, fettarm und hochbekömmlich Mit hochwertigem Protein Ohne Soja (pflanzliche Eiweißextrakte)"}
{"url": "https://www.fressnapf.de/p/happy-cat-supreme-sterilised-voralpen-rind-13-kg-1359690/", "product_name": "HAPPY CAT Supreme Sterilised Voralpen-Rind 1,3 kg", "brand": "HAPPY CAT Trockenfutter", "regular_price": 52.99, "selling_price": 9.99, "price_per_unit": 4.6, "breadcrumbs": "Katze > Katzenfutter > Trockenfutter", "description": "glutenfreie Zutaten, ohne Fisch kalorienarm, sättigend und lecker Appetitregulierung nur 10 % Fett"}
{"url": "https://www.fressnapf.de/p/mjamjam-quetschie-probierpaket-ii-12x125g-1374423/", "product_name": "MjAMjAM Quetschie Probierpaket II 12x125g", "brand": "MjAMjAM Nassfutter", "regular_price": 21.18, "selling_price": 17.99, "price_per_unit": 11.99, "breadcrumbs": "Katze > Katzenfutter > Nassfutter", "description": "Ohne Getreide Ohne Zucker Ohne Konservierungs- oder Geschmacksstoffe"}
{"url": "https://www.fressnapf.de/p/applaws-nassfutter-kitten-gemischte-auswahl-in-gelee-multipack-6x70-g-1260456/", "product_name": "Applaws Nassfutter Kitten Gemischte Auswahl in Gelee Multipack 6x70 g", "brand": "Applaws Nassfutter", "regular_price": 0.0, "selling_price": 7.29, "price_per_unit": 0.0, "breadcrumbs": "Katze > Katzenfutter > Nassfutter", "description": "Ergänzugsfutter im Multipack für Kitten mit 100% natürlichen Zutaten Hoher Fleisch/Fischanteil bis 75% Frei von Konservierungs-,Aroma- und Farbstoffen"}
{"url": "https://www.fressnapf.de/p/whiskas-x-mas-geschenkbox-120g-1387037/", "product_name": "Whiskas X-Mas Geschenkbox 120g", "brand": "Whiskas Snacks", "regular_price": 0.0, "selling_price": 2.99, "price_per_unit": 0.0, "breadcrumbs": "Katze > Katzenfutter > Snacks", "description": "3 verschiedene Snacks"}
{"url": "https://www.fressnapf.de/p/whiskas-tasty-mix-multipack-country-collection-in-sauce-12-x-85g-1412430/", "product_name": "Whiskas Tasty Mix Multipack Country Collection in Sauce 12 x 85g", "brand": "Whiskas Nassfutter", "regular_price": 0.0, "selling_price": 4.99, "price_per_unit": 0.0, "breadcrumbs": "Katze > Katzenfutter > Nassfutter", "description": "Leckere Geschmackskombinationen in einer köstlichen Mischung Enthält wichtige Nährstoffe, Vitamine und Mineralstoffe Mit vier aufregenden Rezepturen"}
{"url": "https://www.fressnapf.de/p/fitfun-ff-mini-sticks-multifahne-mix-25x20x2g-1322959/", "product_name": "FIT+FUN F+F Mini Sticks Multifahne Mix 25x20x2g", "brand": "FIT+FUN Snacks", "regular_price": 0.0, "selling_price": 23.75, "price_per_unit": 0.0, "breadcrumbs": "Katze > Katzenfutter > Snacks", "description": "4 leckere Sorten hervorragend als Belohnung im Training Ohne Zucker"}
{"url": "https://www.fressnapf.de/p/animonda-carny-adult-ocean-meeresvielfalt-12-x-80-g-mixpaket-1-1408963/", "product_name": "animonda Carny Adult Ocean Meeresvielfalt 12 x 80 g Mixpaket 1", "brand": "animonda Nassfutter", "regular_price": 21.48, "selling_price": 13.59, "price_per_unit": 14.16, "breadcrumbs": "Katze > Katzenfutter > Nassfutter", "description": "Zartes Fischfilet in feinen Stücken Mit delikaten Beilagen Unvergleichlicher Genuss"}
{"url": "https://www.fressnapf.de/p/mjamjam-kittenpaket-6x200g-1374429/", "product_name": "MjAMjAM Kittenpaket 6x200g", "brand": "MjAMjAM Nassfutter", "regular_price": 0.0, "selling_price": 13.49, "price_per_unit": 0.0, "breadcrumbs": "Katze > Katzenfutter > Nassfutter", "description": "Ohne Getreide Ohne Konservierungs- oder Geschmacksstoff Ohne Zucker"}
{"url": "https://www.fressnapf.de/p/wildes-land-adult-6x400g-rind--pute-1323386/", "product_name": "WILDES LAND Adult 6x400g Rind & Pute", "brand": "WILDES LAND Nassfutter", "regular_price": 0.0, "selling_price": 19.49, "price_per_unit": 0.0, "breadcrumbs": "Katze > Katzenfutter > Nassfutter", "description": "Bis zu 68% Proteinanteil Getreide- & glutenfrei Frei von Zucker, Farb-, Aroma- und Konservierungsstoffen"}
{"url": "https://www.fressnapf.de/p/applaws-nassfutter-katze-adult-multipack-in-gelee-12x70-g-1228553/", "product_name": "Applaws Nassfutter Katze Adult Multipack in Gelee 12x70 g", "brand": "Applaws Nassfutter", "regular_price": 0.0, "selling_price": 12.99, "price_per_unit": 0.0, "breadcrumbs": "Katze > Katzenfutter > Nassfutter", "description": "Ergänzugsfutter im Multipack für Katzen mit 100% natürlichen Zutaten Hoher Fleisch/Fischanteil bis 75% Ohne künstliche Farb- und Geschmackstoffe"}
{"url": "https://www.fressnapf.de/p/wildes-land-adult-6x200g-rind--pute-1323382/", "product_name": "WILDES LAND Adult 6x200g Rind & Pute", "brand": "WILDES LAND Nassfutter", "regular_price": 0.0, "selling_price": 14.89, "price_per_unit": 0.0, "breadcrumbs": "Katze > Katzenfutter > Nassfutter", "description": "Bis zu 68% Proteinanteil Getreide- & glutenfrei Frei von Zucker, Farb-, Aroma- und Konservierungsstoffen"}
{"url": "https://www.fressnapf.de/p/wildes-land-pur-adult-6x200g-rind-pur-1323385/", "product_name": "WILDES LAND PUR Adult 6x200g Rind pur", "brand": "WILDES LAND Nassfutter", "regular_price": 0.0, "selling_price": 14.69, "price_per_unit": 0.0, "breadcrumbs": "Katze > Katzenfutter > Nassfutter", "description": "70% Proteinanteil Getreide- & glutenfrei Frei von Zucker, Farb-, Aroma- und Konservierungsstoffen"}
{"url": "https://www.fressnapf.de/p/canina-canivita-vitamintonikum-100ml-1072171/", "product_name": "Canina Canivita Vitamintonikum 100ml", "brand": "Canina Ergänzungsfutter & Aufzucht", "regular_price": 0.0, "selling_price": 9.0, "price_per_unit": 0.0, "breadcrumbs": "Katze > Katzenfutter > Ergänzungsfutter & Aufzucht", "description": "Multivitamintonikum mit 11 Vitaminen Aufnahme der Vitamine in sehr kurzer Zeit sehr hohe Geschmacksakzeptanz"}
{"url": "https://www.fressnapf.de/p/premiere-adult-mischfuetterungsset-2tlg1-1315794/", "product_name": "PREMIERE Adult MischfütterungsSet 2tlg.1", "brand": "PREMIERE Nassfutter", "regular_price": 0.0, "selling_price": 22.43, "price_per_unit": 0.0, "breadcrumbs": "Katze > Katzenfutter > Nassfutter", "description": "hoher Anteil an tierischem Protein ohne Soja- oder Zuckerersatz getreidefreie Rezeptur - ideal für ernährungssensible Katzen"}
{"url": "https://www.fressnapf.de/p/beaphar-gelenk-fit-fluessig-35ml-1222438/", "product_name": "Beaphar Gelenk Fit flüssig 35ml", "brand": "Beaphar Ergänzungsfutter & Aufzucht", "regular_price": 0.0, "selling_price": 9.79, "price_per_unit": 0.0, "breadcrumbs": "Hund > Hundefutter > Ergänzungsfutter & Aufzucht", "description": "1 Pumpstoß täglich mit Kollagen-Hydrolysat fördert die Gelenkbeweglichkeit"}
{"url": "https://www.fressnapf.de/p/liebesgut-biokost-adult-6x400g-bio-ente-mit-mangold-und-reis-1278168/", "product_name": "LIEBESGUT Biokost Adult 6x400g Bio Ente mit Mangold und Reis", "brand": "LIEBESGUT Nassfutter", "regular_price": 0.0, "selling_price": 18.99, "price_per_unit": 0.0, "breadcrumbs": "Katze > Katzenfutter > Nassfutter", "description": "Extrem hoher Fleischanteil, besteht aus 95% Bio-Fleisch mit Bio-Gemüse Glutenfrei, Zuckerfrei, Weizenfrei, keine synthetischen Lockstoffe, Farb- und Konservierungsstoffe Single Protein aus hochwertigen Bio-Fleisch um allergische Reaktionen zu vermeiden"}
{"url": "https://www.fressnapf.de/p/wildes-land-pur-adult-6x400g-rind-pur-1323388/", "product_name": "WILDES LAND PUR Adult 6x400g Rind pur", "brand": "WILDES LAND Nassfutter", "regular_price": 0.0, "selling_price": 19.49, "price_per_unit": 0.0, "breadcrumbs": "Katze > Katzenfutter > Nassfutter", "description": "70% Proteinanteil Getreide- & glutenfrei Frei von Zucker, Farb-, Aroma- und Konservierungsstoffen"}
{"url": "https://www.fressnapf.de/p/josicat-huhn-in-sauce-12x415g-1372832/", "product_name": "JosiCat Huhn in Sauce 12x415g", "brand": "JosiCat Nassfutter", "regular_price": 0.0, "selling_price": 11.79, "price_per_unit": 0.0, "breadcrumbs": "Katze > Katzenfutter > Nassfutter", "description": "Mit Vitamin E und Vitamin D3 Ohne Zusatz von Zucker, Soja, Milchprodukten, Farb- und Aromastoffen sowie Konservierungsmitteln"}
{"url": "https://www.fressnapf.de/p/josicat-fisch-in-sauce-mit-seelachs-12x415g-1372487/", "product_name": "JosiCat Fisch in Sauce mit Seelachs 12x415g", "brand": "JosiCat Nassfutter", "regular_price": 0.0, "selling_price": 11.79, "price_per_unit": 0.0, "breadcrumbs": "Katze > Katzenfutter > Nassfutter", "description": "Getreidefrei Mit Vitamin E und Vitamin D3 Ohne Zusatz von Zucker, Soja, Milchprodukten, Farb- und Aromastoffen sowie Konservierungsmitteln"}
{"url": "https://www.fressnapf.de/p/josicat-beef-in-gelee-12x400g-1372486/", "product_name": "JosiCat Beef in Gelee 12x400g", "brand": "JosiCat Nassfutter", "regular_price": 0.0, "selling_price": 13.99, "price_per_unit": 0.0, "breadcrumbs": "Katze > Katzenfutter > Nassfutter", "description": "Getreidefrei Mit Vitamin E und Vitamin D3 Ohne Zusatz von Zucker, Soja, Milchprodukten, Farb- und Aromastoffen sowie Konservierungsmitteln"}
{"url": "https://www.fressnapf.de/p/trixie-soft-snack-kitty-stars-6x140-g-1371618/", "product_name": "Trixie Soft Snack Kitty Stars 6x140 g", "brand": "Trixie Snacks", "regular_price": 0.0, "selling_price": 13.49, "price_per_unit": 0.0, "breadcrumbs": "Katze > Katzenfutter > Snacks", "description": "mit Lachs und Lamm kein Zuckerzusatz"}
{"url": "https://www.fressnapf.de/p/strayz-bio-suppe-huhn--karotte-14x40g-1425403/", "product_name": "STRAYZ BIO Suppe Huhn & Karotte 14x40g", "brand": "STRAYZ Snacks", "regular_price": 0.0, "selling_price": 13.89, "price_per_unit": 0.0, "breadcrumbs": "Katze > Katzenfutter > Snacks", "description": "Natürlicher Snack für trinkfaule Tiger Ohne Zuckerzusatz & Getreide Spendet für Straßenkatzen"}
{"url": "https://www.fressnapf.de/p/josicat-rind-in-sauce-12x415g-1372488/", "product_name": "JosiCat Rind in Sauce 12x415g", "brand": "JosiCat Nassfutter", "regular_price": 0.0, "selling_price": 11.79, "price_per_unit": 0.0, "breadcrumbs": "Katze > Katzenfutter > Nassfutter", "description": "Mit Vitamin E und Vitamin D3 Ohne Zusatz von Zucker, Soja, Milchprodukten, Farb- und Aromastoffen sowie Konservierungsmitteln"}
{"url": "https://www.fressnapf.de/p/beaphar-gefluegel-paste-katze-100g-1274515/", "product_name": "Beaphar Geflügel Paste Katze 100g", "brand": "Beaphar Ergänzungsfutter & Aufzucht", "regular_price": 0.0, "selling_price": 3.47, "price_per_unit": 0.0, "breadcrumbs": "Katze > Katzenfutter > Ergänzungsfutter & Aufzucht", "description": "Mit Taurin Fördert die Fellgesundheit Ideal für zwischendurch"}
{"url": "https://www.fressnapf.de/p/catit-nuna-treats-4x60g-insektenmix-1366919/", "product_name": "Catit Nuna Treats 4x60g Insektenmix", "brand": "Catit Snacks", "regular_price": 0.0, "selling_price": 11.99, "price_per_unit": 0.0, "breadcrumbs": "Katze > Katzenfutter > Snacks", "description": "Mit Insektenprotein Mit bis zu 92 % nachhaltig produzierten Proteinen Glutenfrei"}
{"url": "https://www.fressnapf.de/p/catz-finefood-nassfutter-katze-purrrr-collection-i-adult-multipack-12x85-g-1363313/", "product_name": "Catz finefood Nassfutter Katze Purrrr Collection I Adult Multipack 12x85 g", "brand": "Catz finefood Nassfutter", "regular_price": 0.0, "selling_price": 18.19, "price_per_unit": 0.0, "breadcrumbs": "Katze > Katzenfutter > Nassfutter", "description": "Katzengerechte und hochverdauliche, kurze Rezepturen Über 98 % Fleisch/Fisch/Innereien und Kochsud Getreide- und glutenfrei & Gentechnik- und tierversuchsfrei"}
{"url": "https://www.fressnapf.de/p/mjamjam-snackbag-herzhafte-ente-8x125g-1382681/", "product_name": "MjAMjAM Snackbag herzhafte Ente 8x125g", "brand": "MjAMjAM Snacks", "regular_price": 31.92, "selling_price": 28.49, "price_per_unit": 28.49, "breadcrumbs": "Katze > Katzenfutter > Snacks", "description": "Ohne Getreide Ohne Konservierungs- oder Geschmacksstoffe Ohne Zucker"}
{"url": "https://www.fressnapf.de/p/gourmet-gold-raffiniertes-ragout-duetto-12x85-g-1418294/", "product_name": "GOURMET Gold Raffiniertes Ragout Duetto 12x85 g", "brand": "GOURMET Nassfutter", "regular_price": 7.8, "selling_price": 7.19, "price_per_unit": 7.05, "breadcrumbs": "Katze > Katzenfutter > Nassfutter", "description": "Qualitativ hochwertige Zutaten Fein geschnetzelte Stückchen Ohne Zusatz künstlicher Farb-, Konservierungs- oder Aromastoffe"}
{"url": "https://www.fressnapf.de/p/cats-love-pure-bites-rindfleisch-40-g-1373983/", "product_name": "CAT'S LOVE Pure Bites Rindfleisch 40 g", "brand": "CAT'S LOVE Snacks", "regular_price": 0.0, "selling_price": 6.99, "price_per_unit": 0.0, "breadcrumbs": "Katze > Katzenfutter > Snacks", "description": "100% Fleischanteil 100% natürlich Ohne Zuckerzusatz"}
{"url": "https://www.fressnapf.de/p/applaws-kitten-mischfuetterungs-set-applaws-kitten-huhn-2kg--applaws-kitten-auswahl-6x70g-1368753/", "product_name": "Applaws Kitten Mischfütterungs-Set Applaws Kitten Huhn 2kg + Applaws Kitten Auswahl 6x70g", "brand": "Applaws Trockenfutter", "regular_price": 0.0, "selling_price": 23.99, "price_per_unit": 0.0, "breadcrumbs": "Katze > Katzenfutter > Trockenfutter", "description": "mit 100% natürlichen Zutaten mindestens 80% tierische Proteine Frei von Konservierungs-,Aroma- und Farbstoffen"}
{"url": "https://www.fressnapf.de/p/lucky-lou-nassfutter-katze-extra-food-adult-in-bruehe-thunfischfilet-18x70-g-1418303/", "product_name": "Lucky Lou Nassfutter Katze Extra Food Adult in Brühe Thunfischfilet 18x70 g", "brand": "Lucky Lou Nassfutter", "regular_price": 0.0, "selling_price": 22.99, "price_per_unit": 0.0, "breadcrumbs": "Katze > Katzenfutter > Nassfutter", "description": "Als leckere Ergänzung Die kleine Verwöhnportion für zwischendurch Beste Bekömmlichkeit"}
{"url": "https://www.fressnapf.de/p/applaws-adult-mischfuetterung-applaws-adult-huhn-mit-lachs-2kg--multipack-adult-12x70g-fischauswahl-1368755/", "product_name": "Applaws Adult Mischfütterung Applaws Adult Huhn mit Lachs 2kg + Multipack Adult 12x70g Fischauswahl", "brand": "Applaws Nassfutter", "regular_price": 0.0, "selling_price": 25.99, "price_per_unit": 0.0, "breadcrumbs": "Katze > Katzenfutter > Nassfutter", "description": "mindestens 80% tierische Proteine frei von Konservierungs-, Aroma- und Farbstoffen Ergänzugsfutter im Multipack für Katzen mit 100% natürlichen Zutaten"}
{"url": "https://www.fressnapf.de/p/lucky-lou-nassfutter-katze-extra-food-adult-in-gelee-thunfisch--shrimps-18x70-g-1418306/", "product_name": "Lucky Lou Nassfutter Katze Extra Food Adult in Gelee Thunfisch & Shrimps 18x70 g", "brand": "Lucky Lou Nassfutter", "regular_price": 0.0, "selling_price": 22.99, "price_per_unit": 0.0, "breadcrumbs": "Katze > Katzenfutter > Nassfutter", "description": "Als leckere Ergänzung Die kleine Verwöhnportion für zwischendurch Beste Bekömmlichkeit"}
{"url": "https://www.fressnapf.de/p/applaws-adult-mischfuetterungs-set-applaws-adult-huhn-2kg--applaws-multipack-adult-huhn-variation-12x70g-1368754/", "product_name": "Applaws Adult Mischfütterungs-Set Applaws Adult Huhn 2kg + Applaws Multipack Adult Huhn Variation 12x70g", "brand": "Applaws Nassfutter", "regular_price": 0.0, "selling_price": 23.99, "price_per_unit": 0.0, "breadcrumbs": "Katze > Katzenfutter > Nassfutter", "description": "mindestens 80% tierische Proteine Ergänzugsfutter im Multipack für Katzen mit 100% natürlichen Zutaten getreidefrei"}
{"url": "https://www.fressnapf.de/p/catz-finefood-nassfutter-katze-purrrr-adult-multipack-6x400-g-1408258/", "product_name": "Catz finefood Nassfutter Katze Purrrr Adult Multipack 6x400 g", "brand": "Catz finefood Nassfutter", "regular_price": 0.0, "selling_price": 23.49, "price_per_unit": 0.0, "breadcrumbs": "Katze > Katzenfutter > Nassfutter", "description": "Monoprotein-Alleinfuttermittel nach dem Beutetierkonzept Katzengerechte und hochverdauliche Zutaten Über 98 % Fleisch & Getreide- und glutenfrei"}
{"url": "https://www.fressnapf.de/p/almo-nature-urinary-help-30x70-g-fisch-1480584/", "product_name": "Almo nature Urinary Help 30x70 g Fisch", "brand": "Almo nature Nassfutter", "regular_price": 29.7, "selling_price": 22.49, "price_per_unit": 10.71, "breadcrumbs": "Katze > Katzenfutter > Nassfutter", "description": "Iideal für Katzen mit einem empfindlichen Harnapparat Durch den Kauf unterstützen Sie die Artenvielfalt und Projekte zu Tierrechten 100% des Profits von Almo Nature gehen an die Natur"}
{"url": "https://www.fressnapf.de/p/delibest-cat-snack-kaninchen-45g-1346653/", "product_name": "DeliBest Cat Snack Kaninchen 45g", "brand": "DeliBest Snacks", "regular_price": 0.0, "selling_price": 2.99, "price_per_unit": 0.0, "breadcrumbs": "Katze > Katzenfutter > Snacks", "description": "Ökologisch und schonend getrocknet Frei von Aroma- und Farbstoffen Glutenfrei, ohne Zuckerbeigabe"}
{"url": "https://www.fressnapf.de/p/vitakraft-liquid-snack-multipack-16x15-g-1399095/", "product_name": "Vitakraft Liquid Snack Multipack 16x15 g", "brand": "Vitakraft Snacks", "regular_price": 0.0, "selling_price": 5.89, "price_per_unit": 0.0, "breadcrumbs": "Katze > Katzenfutter > Snacks", "description": "Cremig leichte Verwöhnsnacks im 16er Vorratspack 8 x mit bekömmlichem Huhn, 8 x mit herzhaftem Rind Plus Taurin zur Unterstützung der Augen- und Herzfunktion"}
{"url": "https://www.fressnapf.de/p/kattovit-multipack-gastro-in-sauce-12x85-g-1386298/", "product_name": "KATTOVIT Multipack Gastro in Sauce 12x85 g", "brand": "KATTOVIT", "regular_price": 0.0, "selling_price": 7.99, "price_per_unit": 0.0, "breadcrumbs": "PLP > VET Diäten > Katze > Schonkost", "description": "Für Katzen mit gastrointestinalen Störungen niedriger Fettgehalt; erhöhter Elektrolytgehalt; Schonkost leicht verdaulich schonende Zusammensetzung"}
{"url": "https://www.fressnapf.de/p/naturally-good-veggies--meat-erbsenprotein--pute-6x200-g-1676416/", "product_name": "Naturally Good Veggies & Meat Erbsenprotein & Pute 6x200 g", "brand": "Naturally Good Nassfutter", "regular_price": 0.0, "selling_price": 8.34, "price_per_unit": 0.0, "breadcrumbs": "Katze > Katzenfutter > Nassfutter", "description": "Mehr Gemüse, weniger Fleisch Optimal versorgt durch pflanzliche und tierische Proteine Weizenfreie Rezeptur"}
{"url": "https://www.fressnapf.de/p/cats-love-nassfutter-katze-adult-pure-filets-huhn-6x100-g-1693969/", "product_name": "CAT'S LOVE Nassfutter Katze Adult Pure Filets Huhn 6x100 g", "brand": "CAT'S LOVE Nassfutter", "regular_price": 0.0, "selling_price": 8.94, "price_per_unit": 0.0, "breadcrumbs": "Katze > Katzenfutter > Nassfutter", "description": "Aus Österreich 100% Lebensmittelqualität Ohne Getreide"}
{"url": "https://www.fressnapf.de/p/wow-cat-adult-sauce-multipack-6x85g-1804477/", "product_name": "WOW CAT Adult Sauce Multipack 6x85g", "brand": "WOW Nassfutter", "regular_price": 0.0, "selling_price": 8.99, "price_per_unit": 0.0, "breadcrumbs": "Katze > Katzenfutter > Nassfutter", "description": "Hergestellt ohne Getreide Ohne Zuckerzusatz Ohne Tierversuche"}
{"url": "https://www.fressnapf.de/p/sheba-selection-in-sauce-gefluegelhaeppchen-22x85g-1269853/", "product_name": "Sheba Selection in Sauce Geflügelhäppchen 22x85g", "brand": "Sheba Nassfutter", "regular_price": 0.0, "selling_price": 10.99, "price_per_unit": 0.0, "breadcrumbs": "Katze > Katzenfutter > Nassfutter", "description": "Ohne künstliche Farb-, Aroma- und Konservierungsstoffe Zarte Stückchen in köstlicher Sauce Schonend zubereitet mit ausgewählten Zutaten"}
{"url": "https://www.fressnapf.de/p/wow-cat-adult-8x85-g-rind-1830446/", "product_name": "WOW Cat Adult 8x85 g Rind", "brand": "WOW Nassfutter", "regular_price": 0.0, "selling_price": 11.79, "price_per_unit": 0.0, "breadcrumbs": "Katze > Katzenfutter > Nassfutter", "description": "Mit hohem Fleisch- oder Fischanteil Hohe Akzeptanz & Verträglichkeit Hergestellt ohne Getreide & Zucker"}
{"url": "https://www.fressnapf.de/p/catz-finefood-nassfutter-katze-classic-kitten-no-3-gefluegel-6x200-g-1790628/", "product_name": "Catz finefood Nassfutter Katze Classic Kitten No. 3 Geflügel 6x200 g", "brand": "Catz finefood Nassfutter", "regular_price": 0.0, "selling_price": 12.99, "price_per_unit": 0.0, "breadcrumbs": "Katze > Katzenfutter > Nassfutter", "description": "Katzengerechte und hochverdauliche Rezepturen Besonders kittengerechte Konsistenz des Nassfutters Besteht aus über 95% Fleisch, Innereien und Kochsud"}
{"url": "https://www.fressnapf.de/p/cats-love-pure-bites-riesengarnele-25-g-1373984/", "product_name": "CAT'S LOVE Pure Bites Riesengarnele 25 g", "brand": "CAT'S LOVE Snacks", "regular_price": 0.0, "selling_price": 12.99, "price_per_unit": 0.0, "breadcrumbs": "Katze > Katzenfutter > Snacks", "description": "100% Fleischanteil 100% natürlich Ohne Zuckerzusatz"}
{"url": "https://www.fressnapf.de/p/bozita-nassfutter-fuer-katzen-adult-fleischmenue-multibox-12x85-g-1827709/", "product_name": "BOZITA Nassfutter für Katzen Adult Fleischmenü Multibox 12x85 g", "brand": "BOZITA Nassfutter", "regular_price": 0.0, "selling_price": 13.49, "price_per_unit": 0.0, "breadcrumbs": "Katze > Katzenfutter > Nassfutter", "description": "100% tierisches Protein für eine sehr hohe Akzeptanz FOS - natürliches Präbiotika zur Unterstützung der Darmflora Hochwertige Rezeptur mit 100% schwedischen Rohstoffen, ohne Getreide und ohne künstliche Zusätze"}
{"url": "https://www.fressnapf.de/p/macs-cat-7-senior-trockenfutter-light-gefluegel-15-kg-1251946/", "product_name": "MAC's Cat +7 Senior Trockenfutter Light Geflügel 1,5 kg", "brand": "MAC's Trockenfutter", "regular_price": 20.0, "selling_price": 13.79, "price_per_unit": 9.19, "breadcrumbs": "Katze > Katzenfutter > Trockenfutter", "description": "Made in Germany Getreidefrei Glutenfrei"}
{"url": "https://www.fressnapf.de/p/bozita-adult-indoor-sterilised-multibox-haeppchen-in-gelee-12x85-g-1409817/", "product_name": "BOZITA Adult Indoor sterilised Multibox Häppchen in Gelee 12x85 g", "brand": "BOZITA Nassfutter", "regular_price": 0.0, "selling_price": 13.79, "price_per_unit": 0.0, "breadcrumbs": "Katze > Katzenfutter > Nassfutter", "description": "VON HERZEN NACHHALTIG Produktion zu 100% mit erneuerbarer Energie. 100 % der Produktionsabfälle werden in Biogas umgewandelt. Wir verpflichten uns, Verpackungen zu 100 % recycelbar zu machen. GESUNDE ERNÄHRUNG Von unseren kompetenten Tierernährungsexperten entwickelte Rezeptur. Liefert alle Nährstoffe, die Ihr Haustier braucht und den Geschmack, den es liebt. Zertifizierte Systeme für Lebensmittelqualität und -sicherheit. RESPEKT FÜR TIERE Höchste Tierschutzgesetze. Zutaten aus den nordischen Ländern, wie wilder Elch oder freigrasendes Rentier aus Lappland Größere Haltungsfläche und ständiger Zugang zu Einstreu."}
{"url": "https://www.fressnapf.de/p/pure-nature-adult-lachs--shrimps-12x80g-1701788/", "product_name": "Pure Nature Adult Lachs & Shrimps 12x80g", "brand": "Pure Nature Nassfutter", "regular_price": 0.0, "selling_price": 13.99, "price_per_unit": 0.0, "breadcrumbs": "Katze > Katzenfutter > Nassfutter", "description": "Ohne Getreide Ohne Zuckerzusatz Keine Tierversuche"}
{"url": "https://www.fressnapf.de/p/pure-nature-junior-rind--kalb-12x85g-1701791/", "product_name": "Pure Nature Junior Rind & Kalb 12x85g", "brand": "Pure Nature Nassfutter", "regular_price": 0.0, "selling_price": 14.28, "price_per_unit": 0.0, "breadcrumbs": "Katze > Katzenfutter > Nassfutter", "description": "Ohne Getreide Ohne Zuckerzusatz Keine Tierversuche"}
{"url": "https://www.fressnapf.de/p/pure-nature-adult-12x85g-huhn--fasan-1701786/", "product_name": "Pure Nature Adult 12x85g Huhn & Fasan", "brand": "Pure Nature Nassfutter", "regular_price": 0.0, "selling_price": 14.28, "price_per_unit": 0.0, "breadcrumbs": "Katze > Katzenfutter > Nassfutter", "description": "Ohne Getreide Ohne Zuckerzusatz Keine Tierversuche"}
{"url": "https://www.fressnapf.de/p/pure-nature-senior-gefluegel--wild-12x85g-1701790/", "product_name": "Pure Nature Senior Geflügel & Wild 12x85g", "brand": "Pure Nature Nassfutter", "regular_price": 0.0, "selling_price": 14.28, "price_per_unit": 0.0, "breadcrumbs": "Katze > Katzenfutter > Nassfutter", "description": "Ohne Getreide Ohne Zuckerzusatz Keine Tierversuche"}
{"url": "https://www.fressnapf.de/p/whiskas-knuspertasche-10x90-g-60-g--50-gratis-lachs-1715783/", "product_name": "Whiskas Knuspertasche 10x90 g (60 g + 50% gratis) Lachs", "brand": "Whiskas Snacks", "regular_price": 0.0, "selling_price": 14.29, "price_per_unit": 0.0, "breadcrumbs": "Katze > Katzenfutter > Snacks", "description": "mit weniger als 2 kcal pro Stück. angereichert mit Vitaminen und Mineralstoffen in verschiedenen Sorten"}
{"url": "https://www.fressnapf.de/p/hills-science-plan-young-adult-sterilised-mit-huhn-12x85g-1422921/", "product_name": "Hill's Science Plan Young Adult Sterilised mit Huhn 12x85g", "brand": "Hill's Nassfutter", "regular_price": 18.99, "selling_price": 14.49, "price_per_unit": 14.21, "breadcrumbs": "Katze > Katzenfutter > Nassfutter", "description": "einzigartige Gewichtsmanagement-Formel für ein gesundes Harnsystem hergestellt mit hochwertigen Zutaten"}
{"url": "https://www.fressnapf.de/p/pure-nature-adult-lachs--shrimps-6x375-g-1701794/", "product_name": "Pure Nature Adult Lachs & Shrimps 6x375 g", "brand": "Pure Nature Nassfutter", "regular_price": 0.0, "selling_price": 14.94, "price_per_unit": 0.0, "breadcrumbs": "Katze > Katzenfutter > Nassfutter", "description": "Ohne Getreide Ohne Zuckerzusatz Keine Tierversuche"}
{"url": "https://www.fressnapf.de/p/pure-nature-adult-6-x-400g-huhn--fasan-1701792/", "product_name": "Pure Nature Adult 6 x 400g Huhn & Fasan", "brand": "Pure Nature Nassfutter", "regular_price": 0.0, "selling_price": 14.94, "price_per_unit": 0.0, "breadcrumbs": "Katze > Katzenfutter > Nassfutter", "description": "Ohne Getreide Ohne Zuckerzusatz Keine Tierversuche"}
{"url": "https://www.fressnapf.de/p/pure-nature-junior-rind--kalb-6x400g-1701797/", "product_name": "Pure Nature Junior Rind & Kalb 6x400g", "brand": "Pure Nature Nassfutter", "regular_price": 0.0, "selling_price": 14.94, "price_per_unit": 0.0, "breadcrumbs": "Katze > Katzenfutter > Nassfutter", "description": "Ohne Getreide Ohne Zuckerzusatz Keine Tierversuche"}
{"url": "https://www.fressnapf.de/p/bozita-adult-indoor-sterilised-multibox-haeppchen-in-sosse-12x85-g-1404928/", "product_name": "BOZITA Adult Indoor sterilised Multibox Häppchen in Soße 12x85 g", "brand": "BOZITA Nassfutter", "regular_price": 0.0, "selling_price": 14.99, "price_per_unit": 0.0, "breadcrumbs": "Katze > Katzenfutter > Nassfutter", "description": "VON HERZEN NACHHALTIG Produktion zu 100% mit erneuerbarer Energie. 100 % der Produktionsabfälle werden in Biogas umgewandelt. Wir verpflichten uns, Verpackungen zu 100 % recycelbar zu machen. GESUNDE ERNÄHRUNG Von unseren kompetenten Tierernährungsexperten entwickelte Rezeptur. Liefert alle Nährstoffe, die Ihr Haustier braucht und den Geschmack, den es liebt. Zertifizierte Systeme für Lebensmittelqualität und -sicherheit. RESPEKT FÜR TIERE Höchste Tierschutzgesetze. Zutaten aus den nordischen Ländern, wie wilder Elch oder freigrasendes Rentier aus Lappland Größere Haltungsfläche und ständiger Zugang zu Einstreu."}
{"url": "https://www.fressnapf.de/p/kattovit-vital-care-anti-hairball-24x85g-1658547/", "product_name": "KATTOVIT Vital Care Anti Hairball 24x85g", "brand": "KATTOVIT Nassfutter", "regular_price": 18.0, "selling_price": 15.99, "price_per_unit": 7.84, "breadcrumbs": "Katze > Katzenfutter > Nassfutter", "description": "Kombiniert funktionale Ernährung mit einem hervorragenden Geschmack Ausgewogene Vollnahrung Stückchen in Sauce"}
{"url": "https://www.fressnapf.de/p/kattovit-vital-care-sterilised-24x85g-1658548/", "product_name": "KATTOVIT Vital Care Sterilised 24x85g", "brand": "KATTOVIT Nassfutter", "regular_price": 18.0, "selling_price": 15.99, "price_per_unit": 7.84, "breadcrumbs": "Katze > Katzenfutter > Nassfutter", "description": "Kombiniert funktionale Ernährung mit einem hervorragenden Geschmack Ausgewogene Vollnahrung Stückchen in Sauce"}
{"url": "https://www.fressnapf.de/p/kattovit-vital-care-hair--skin-24x85g-1658550/", "product_name": "KATTOVIT Vital Care Hair & Skin 24x85g", "brand": "KATTOVIT Nassfutter", "regular_price": 18.0, "selling_price": 15.99, "price_per_unit": 7.84, "breadcrumbs": "Katze > Katzenfutter > Nassfutter", "description": "Kombiniert funktionale Ernährung mit einem hervorragenden Geschmack Ausgewogene Vollnahrung Stückchen in Sauce"}
{"url": "https://www.fressnapf.de/p/kattovit-vital-care-digestive-24x85g-1658581/", "product_name": "KATTOVIT Vital Care Digestive 24x85g", "brand": "KATTOVIT Nassfutter", "regular_price": 18.0, "selling_price": 15.99, "price_per_unit": 7.84, "breadcrumbs": "Katze > Katzenfutter > Nassfutter", "description": "Kombiniert funktionale Ernährung mit einem hervorragenden Geschmack Ausgewogene Vollnahrung Stückchen in Sauce"}
{"url": "https://www.fressnapf.de/p/lucky-lou-nassfutter-katze-adult-tasty-mixpaket-6x400-g-1730866/", "product_name": "Lucky Lou Nassfutter Katze Adult Tasty Mixpaket 6x400 g", "brand": "Lucky Lou Nassfutter", "regular_price": 0.0, "selling_price": 16.49, "price_per_unit": 0.0, "breadcrumbs": "Katze > Katzenfutter > Nassfutter", "description": "Viel Fleisch, Innereien & Sud Super bekömmliche Rezeptur Für Kitten, erwachsene Katzen und Senioren"}
{"url": "https://www.fressnapf.de/p/lucky-lou-ls-adult-wild-mix-6x400g-1730865/", "product_name": "Lucky Lou LS Adult Wild-Mix 6x400g", "brand": "Lucky Lou Nassfutter", "regular_price": 0.0, "selling_price": 16.49, "price_per_unit": 0.0, "breadcrumbs": "Katze > Katzenfutter > Nassfutter", "description": "Viel Fleisch, Innereien & Sud Super bekömmliche Rezeptur Für Kitten, erwachsene Katzen und Senioren"}
{"url": "https://www.fressnapf.de/p/kittys-cuisine-kittys-cuisine-12x70g-1313384/", "product_name": "Kitty's Cuisine Kitty´s Cuisine 12x70g", "brand": "Kitty's Cuisine Nassfutter", "regular_price": 0.0, "selling_price": 16.68, "price_per_unit": 0.0, "breadcrumbs": "Katze > Katzenfutter > Nassfutter", "description": "Besondere Filet-Konsistenz Getreidefreie Rezeptur Mit Superfood wie z.B. Mango, Aronia-Beeren, Papaya oder Blaubeeren"}
{"url": "https://www.fressnapf.de/p/kittys-cuisine-kittys-cuisine-12x70g-1313383/", "product_name": "Kitty's Cuisine Kitty´s Cuisine 12x70g", "brand": "Kitty's Cuisine Nassfutter", "regular_price": 0.0, "selling_price": 16.68, "price_per_unit": 0.0, "breadcrumbs": "Katze > Katzenfutter > Nassfutter", "description": "Besondere Filet-Konsistenz Getreidefreie Rezeptur Mit Superfood wie z.B. Mango, Aronia-Beeren, Papaya oder Blaubeeren"}
{"url": "https://www.fressnapf.de/p/hills-science-plan-sterilised-cat-adult-multipack-12x85-g-1195096/", "product_name": "Hill's SCIENCE PLAN Sterilised Cat Adult Multipack 12x85 g", "brand": "Hill's Nassfutter", "regular_price": 33.98, "selling_price": 16.99, "price_per_unit": 16.42, "breadcrumbs": "Katze > Katzenfutter > Nassfutter", "description": "Exakt ausgewogene Ernährung, speziell abgestimmt auf die Bedürfnisse von kastrierten Katzen Enthält zugefügtes L-Carnitin, das nachweislich Katzen hilft, schlank und aktiv zu bleiben Kontrollierter Mineralstoffgehalt für ein gesundes Harnwegssystem"}
{"url": "https://www.fressnapf.de/p/strayz-bio-rind--rote-beete-in-sosse-6x200-g-1734696/", "product_name": "STRAYZ BIO Rind & Rote Beete in Soße, 6x200 g", "brand": "STRAYZ Nassfutter", "regular_price": 0.0, "selling_price": 17.49, "price_per_unit": 0.0, "breadcrumbs": "Katze > Katzenfutter > Nassfutter", "description": "60% Fleischanteil - natürlich Monoprotein Ohne Getreide, Zucker, Bindemittel, Konservierungs- oder Lockstoffe Spendet für Straßenkatzen"}
{"url": "https://www.fressnapf.de/p/yarrah-bio-pat-16x100g-1100920/", "product_name": "Yarrah Bio Paté 16x100g", "brand": "Yarrah Nassfutter", "regular_price": 0.0, "selling_price": 17.99, "price_per_unit": 0.0, "breadcrumbs": "Katze > Katzenfutter > Nassfutter", "description": "100% Ökologisch, seit 1992 bio-zertifiziert Frei von genetisch veränderten Organismen, getreidefreie Rezeptur Zartes, schmackhaftes Paté"}
{"url": "https://www.fressnapf.de/p/cats-love-nassfutter-katze-senior-ente-6x400-g-1693978/", "product_name": "CAT'S LOVE Nassfutter Katze Senior Ente 6x400 g", "brand": "CAT'S LOVE Nassfutter", "regular_price": 0.0, "selling_price": 19.79, "price_per_unit": 0.0, "breadcrumbs": "Katze > Katzenfutter > Nassfutter", "description": "Aus Österreich Ohne Getreide Ohne Zuckerzusatz"}
{"url": "https://www.fressnapf.de/p/bozita-indoor--sterilised-rentier-2-kg-1355025/", "product_name": "BOZITA Indoor & Sterilised Rentier 2 kg", "brand": "BOZITA Trockenfutter", "regular_price": 0.0, "selling_price": 20.49, "price_per_unit": 0.0, "breadcrumbs": "Katze > Katzenfutter > Trockenfutter", "description": "Von Herzen Nachhaltig Von Tierernährungsexperten entwickelte Rezeptur & liefert alle Nährstoffe Höchste Tierschutzgesetze"}
{"url": "https://www.fressnapf.de/p/select-gold-pure-chicken-snack-adult-8-x-75-g-1701810/", "product_name": "SELECT GOLD Pure Chicken Snack Adult 8 x 75 g", "brand": "SELECT GOLD Snacks", "regular_price": 0.0, "selling_price": 20.72, "price_per_unit": 0.0, "breadcrumbs": "Katze > Katzenfutter > Snacks", "description": "Getreidefreie Rezeptur 1 ausgewähltes Protein Prebiotisch"}
{"url": "https://www.fressnapf.de/p/bozita-active--sterilised-lamm-2-kg-1355026/", "product_name": "BOZITA Active & Sterilised Lamm 2 kg", "brand": "BOZITA Trockenfutter", "regular_price": 0.0, "selling_price": 21.99, "price_per_unit": 0.0, "breadcrumbs": "Katze > Katzenfutter > Trockenfutter", "description": "Von Herzen Nachhaltig Von Tierernährungsexperten entwickelte Rezeptur & liefert alle Nährstoffe Höchste Tierschutzgesetze"}
{"url": "https://www.fressnapf.de/p/applaws-senior-thunfisch--lachs-in-gelee-24x70g-1480547/", "product_name": "Applaws Senior Thunfisch & Lachs in Gelee 24x70g", "brand": "Hilfe & FAQ", "regular_price": 0.0, "selling_price": 21.99, "price_per_unit": 0.0, "breadcrumbs": "Katze > Katzenfutter > Nassfutter", "description": "100% natürliches Ergänzungsfuttermittel für ältere Katzen Protein 100% aus Muskelfleisch Enthält keine Nebenprodukte oder unnötige Zusatzstoffe"}
{"url": "https://www.fressnapf.de/p/vetlife-farmina-hypoallergenic-schwein-und-kartoffel-12-x-85-g-1794423/", "product_name": "VetLife Farmina Hypoallergenic Schwein und Kartoffel 12 x 85 g", "brand": "VetLife", "regular_price": 0.0, "selling_price": 25.08, "price_per_unit": 0.0, "breadcrumbs": "PLP > VET Diäten > Katze > Hypoallergen", "description": "Ausschließlich natürliche Antioxidantien Ohne gentechnisch veränderte Inhaltsstoffe Futter mit niedrigem glykämischen Index"}
{"url": "https://www.fressnapf.de/p/sheba-multipack-mega-pack-kitten-in-sauce-feine-vielfalt-mit-lachs-mit-huhn-msc-40x85-g-1748130/", "product_name": "Sheba Multipack Mega-Pack Kitten in Sauce Feine Vielfalt mit Lachs, mit Huhn MSC 40x85 g", "brand": "Sheba Nassfutter", "regular_price": 0.0, "selling_price": 27.49, "price_per_unit": 0.0, "breadcrumbs": "Katze > Katzenfutter > Nassfutter", "description": "Katzennassfutter für Kätzchen in feiner Sauce, hergestellt mit natürlichen und hochwertigen Zutaten, Vitaminen und Mineralstoffen Das hochwertige SHEBA® Katzennassfutter für heranwachsende Katzen bietet deiner Samtpfote täglich eine komplette und ausgewogene Ernährung Getreidefreie Rezeptur, hergestellt mit MSC-zertifiziertem Fisch aus nachhaltiger Fischerei und ohne Zusatz von künstlichen Farb- oder Konservierungsstoffen"}
{"url": "https://www.fressnapf.de/p/sheba-mega-pack-natures-collection-in-sauce-feine-vielfalt-40-x-85g-1496225/", "product_name": "Sheba Mega-Pack Nature's Collection in Sauce Feine Vielfalt 40 x 85g", "brand": "Sheba Nassfutter", "regular_price": 0.0, "selling_price": 27.99, "price_per_unit": 0.0, "breadcrumbs": "Katze > Katzenfutter > Nassfutter", "description": "Hergestellt aus natürlichen und hochwertigen Zutaten Bietet täglich eine ganzheitliche und ausgewogene Ernährung Durch hochwertige Zutaten wird sichergestellt, dass deine Katze genau die Nährstoffe bekommt, die sie braucht"}
{"url": "https://www.fressnapf.de/p/delibest-cat-sticks-huehnchen-12x50g-1667270/", "product_name": "DeliBest Cat Sticks Hühnchen 12x50g", "brand": "DeliBest Snacks", "regular_price": 0.0, "selling_price": 29.16, "price_per_unit": 0.0, "breadcrumbs": "Katze > Katzenfutter > Snacks", "description": "85% Fleischanteil Ökologisch und schonend getrocknet Frei von Aroma- un Farbstoffen"}
{"url": "https://www.fressnapf.de/p/yarrah-adult-bio-broeckchen-12-x-405-g-huhn--truthahn-1100912/", "product_name": "Yarrah Adult Bio Bröckchen 12 x 405 g Huhn & Truthahn", "brand": "Yarrah Biofutter", "regular_price": 0.0, "selling_price": 31.49, "price_per_unit": 0.0, "breadcrumbs": "Katze > Katzenfutter > Biofutter", "description": "Bio - frei von Zusatzstoffen & Pestidziden Leckere Sauce & und Bröckchen für ein angenehmes Kaugefühl Für erwachsenen und ältere Katzen"}
{"url": "https://www.fressnapf.de/p/royal-canin-veterinary-anallergenic-2-kg-1272278/", "product_name": "ROYAL CANIN Veterinary Anallergenic 2 kg", "brand": "ROYAL CANIN", "regular_price": 37.95, "selling_price": 33.99, "price_per_unit": 17.0, "breadcrumbs": "PLP > VET Diäten > Katze > Hypoallergen", "description": "Sehr stark hydrolysiertes Protein Allergenreduziert Stärkung der Hautbarriere"}
{"url": "https://www.fressnapf.de/p/pro-plan-sterilised-adult-1-optirenal-reich-an-lachs-10-kg-1072841/", "product_name": "PRO PLAN Sterilised Adult 1+ Optirenal reich an Lachs 10 kg", "brand": "PRO PLAN Trockenfutter", "regular_price": 0.0, "selling_price": 21.62, "price_per_unit": 0.0, "breadcrumbs": "Katze > Katzenfutter > Trockenfutter", "description": "erhält die Harnwegsgesundheit von kastrierten / sterilisierten Katzen, bei denen ein erhöhtes Risiko von einer Erkrankung der unteren Harnwege besteht hilft, die Zähne vor Plaque und Zahnsteinbildung zu schützen hilft, ein gesundes Körpergewicht zu erhalt"}
